2864 4620
243 261 307 324 530
568 258 711 312 Hermisde
729 259 828 328 synodo
847 260 920 330 Epiri
940 261 1038 314 ueteris

242 452 344 515 zelum
370 433 533 532 quendam,
565 450 649 533 quali
671 451 782 515 Finees
811 470 844 516 se
873 452 929 516 deo
954 453 1194 530 commendauit,
1221 455 1375 520 ostendit.

242 557 332 622 cuius
355 557 400 622 rei
422 558 603 622 memoriam
627 577 686 622 non
711 559 813 621 solum
832 576 893 621 non
912 560 1018 640 potest
1035 563 1159 640 tempus
1179 560 1375 626 abscondere

241 683 352 729 uerum
379 664 474 727 etiam
501 663 537 726 de
566 663 616 726 die
644 662 673 726 in
703 663 785 727 diem
811 682 926 746 magna
952 663 1033 745 apud
1066 664 1253 730 orthodoxos
1286 667 1375 731 fama

240 768 442 852 multiplicat.
466 769 576 833 horum
600 769 705 832 studia
729 768 775 832 sic
798 769 928 850 probata
953 771 1118 854 neglegere
1142 774 1174 834 et
1197 772 1373 838 sententies

152 955 154 958 y
229 895 301 962 non
325 893 427 939 amare
449 874 482 938 id
500 879 550 938 est
566 875 598 938 in
617 874 686 956 ipsa
704 874 822 939 domini
841 876 938 939 nostri
959 876 1153 941 confessione
1176 877 1372 959 delinquere.
1401 904 1413 945 s

197 974 389 1045 totnonis
419 979 545 1062 quidem
572 999 654 1043 nune
680 983 753 1063 post
778 980 1003 1063 professionem
1032 1000 1067 1045 ac
1094 981 1215 1048 litteras
1242 987 1372 1050 uestras

241 1087 345 1152 omnia
366 1086 439 1150 fidei
469 1086 615 1170 dogmata
638 1087 694 1151 deo
719 1105 794 1149 suos
822 1086 1028 1171 coniungente
1056 1087 1187 1153 similia:
1216 1088 1371 1154 orandum

240 1197 299 1269 est,
322 1196 360 1259 ut
381 1195 412 1257 in
436 1212 472 1257 ea
499 1193 646 1258 uoluntas
670 1196 787 1268 uestra,
816 1211 878 1274 qua
902 1182 1026 1257 nostros
1053 1193 1172 1258 animos
1199 1194 1371 1275 releuauit,

239 1298 434 1364 confessione
462 1302 650 1381 permaneat.
680 1298 736 1362 sed
759 1317 837 1381 opus
862 1301 910 1362 est
933 1298 1011 1363 citra
1037 1303 1215 1382 respectum
1241 1300 1370 1367 timoris

238 1405 385 1470 insectari
417 1424 527 1469 eorum·
555 1404 683 1480 rabiem,
716 1404 769 1484 qui
796 1402 869 1466 fidei
898 1403 1031 1468 aduersa
1057 1405 1214 1481 nituntur3
1248 1411 1370 1487 quanto
1390 1435 1413 1489 o

209 1539 212 1550 ·
239 1512 322 1576 enirn
347 1509 520 1575 infidelium
544 1528 627 1574 error
654 1511 824 1585 exaestuat,
852 1511 940 1573 tanto
968 1509 1069 1592 magis
1098 1528 1142 1585 se,
1171 1509 1199 1574 si
1225 1510 1369 1587 resistat,

238 1617 390 1682 securitas
409 1610 516 1681 nostra
533 1614 740 1680 commendat.
763 1632 864 1694 neque
883 1614 967 1678 enim
986 1617 1062 1679 haec
1082 1617 1155 1679 sunt
1172 1634 1227 1697 per
1244 1616 1370 1699 patien-

236 1721 314 1785 tiam
336 1720 539 1804 neglegenda,
565 1719 688 1801 quaudo
712 1718 829 1782 malum
857 1719 916 1783 hoc
944 1718 1025 1783 uitio
1052 1737 1166 1801 prauae
1196 1724 1370 1786 consuetu-

238 1825 318 1891 dinis
341 1827 513 1891 animatum
537 1824 619 1908 apud
638 1824 743 1907 plures
766 1825 824 1889 sub
844 1824 979 1907 quodam
997 1826 1101 1891 colore
1119 1825 1201 1909 legis
1219 1824 1368 1905 inoleuit,

236 1932 312 1996 dum
348 1937 403 2010 aut
434 1951 530 2014 praua
565 1930 671 1995 studia
705 1929 737 1993 in
774 1949 871 1995 unum
907 1933 1086 2014 congruunt
1121 1934 1177 1996 aut
1211 1933 1298 1996 recta
1330 1951 1368 1997 se
1387 1962 1411 2008 a

193 2032 436 2103 sssubtrahunt.
493 2056 565 2100 num
600 2038 638 2100 ut
678 2055 747 2100 eam
789 2053 875 2117 quae
907 2035 1052 2100 imminet
1085 2055 1149 2100 rem
1187 2038 1367 2119 loquamur,

235 2143 394 2228 Eutyches
422 2146 460 2207 ut
489 2141 640 2206 nefandae
667 2141 805 2205 haeresis
832 2141 977 2206 inuentor
1003 2141 1179 2207 excluditur
1206 2142 1301 2207 etiam
1324 2143 1367 2208 ab

234 2250 295 2329 his,
325 2268 343 2313 a
369 2249 485 2332 quibus
517 2248 585 2312 eius
617 2247 765 2332 dogmata
797 2246 980 2330 diliguntur,
1013 2247 1096 2330 apud
1124 2266 1177 2312 cos
1203 2247 1291 2331 ipsos
1316 2248 1367 2314 its

146 2359 148 2367 ⁴
235 2374 346 2421 exosus
378 2359 471 2438 atque
502 2352 680 2439 fugiendus,
709 2355 746 2417 ut
776 2353 910 2417 nominis
941 2371 1066 2435 quoque
1101 2352 1202 2435 ipsius
1239 2353 1366 2420 oderint

232 2461 439 2540 mentionem
468 2459 523 2534 sed
544 2459 683 2543 peruersi
710 2458 928 2542 religiosarum
950 2458 1186 2523 institutionum
1213 2459 1363 2539 ministri,
1382 2492 1408 2534 so

212 2587 327 2650 ‘quem
359 2567 443 2652 sicut
476 2585 587 2632 uerum
624 2563 819 2630 detestantur
853 2563 1056 2641 haereticum,
1089 2564 1173 2629 hunc
1209 2564 1271 2629 elia
1307 2565 1364 2630 uia

229 2679 396 2756 tamquam·
415 2690 525 2755 uerum
547 2673 763 2757 amplexantur
785 2670 1003 2736 orthodoxum.
1026 2670 1182 2752 siquidem
1201 2670 1231 2735 in
1251 2675 1364 2737 saneta

233 2777 479 2848 chalcedonensi
501 2777 618 2860 synodo
641 2777 812 2843 Dioscorus
837 2775 946 2840 eadem
979 2776 1118 2840 sentiens
1146 2776 1214 2858 pari
1239 2777 1362 2842 ratione

121 2872 122 2876 ¹
232 2871 398 2949 damnatus
422 2886 471 2948 est
493 2885 535 2961 et,
563 2901 635 2946 cum
657 2902 720 2947 una
741 2884 909 2965 persecuta
931 2880 975 2945 sit
996 2884 1165 2963 utrumque
1193 2883 1361 2961 sententia,

228 2991 355 3074 horum¹
374 2990 507 3054 alterum
539 2988 568 3053 si
594 2988 665 3072 quis
699 2990 846 3069 sequatur
877 2989 933 3051 ant
964 2987 1085 3070 diligat,
1118 2987 1203 3052 dieat
1233 2987 1362 3069 aliquis,
1380 3021 1405 3063 ‚a

228 3094 494 3178 ¹quemadmodum
531 3113 566 3159 se
598 3114 616 3159 a
647 3093 813 3170 sententia,
850 3111 929 3175 quae
968 3093 1150 3176 designatos
1187 3080 1361 3173 damnauit,

226 3199 373 3283 excipiat.
397 3219 470 3265 eum
493 3219 557 3278 eos,
582 3218 662 3282 quos
680 3195 937 3282 transgressionis
956 3201 1011 3262 aut
1028 3197 1202 3281 impietatis
1221 3200 1362 3265 conectit

230 3301 413 3388 aequalitas,
430 3306 512 3371 “sine
541 3304 635 3370 dubio
667 3324 764 3369 unum
798 3323 921 3386 quoque
952 3297 1116 3368 uinculum
1145 3301 1361 3369 ‘damnationis

186 3406 415 3494 Yadstringat
470 3411 654 3477 Timotheus
686 3414 718 3474 et
744 3410 857 3474 Petrus
890 3409 1001 3474 horum
1033 3427 1183 3490 sequaces
1215 3408 1361 3475 homines

208 3527 209 3531 ’
230 3504 333 3583 mente
352 3518 491 3601 corrupti
509 3520 541 3582 ct
557 3516 658 3599 pestis
677 3516 829 3598 quaedam
846 3514 981 3587 nominis
996 3514 1180 3580 detestanda
1194 3514 1359 3581 catholici:

319 3762 332 3815 1
353 3761 385 3815 cl.
403 3759 483 3814 Num.
502 3760 545 3820 25,
568 3757 599 3812 ll

266 3887 279 3939 l
299 3873 351 3938 dne
365 3896 423 3937 esse
437 3883 468 3943 V,
478 3898 546 3936 corr.
556 3881 583 3951 p²
618 3881 674 3936 5id
688 3883 730 3934 est
743 3880 834 3936 Tdiel:
847 3876 922 3935 idem'
933 3884 974 3950 est
988 3881 1015 3935 V
1047 3884 1062 3936 7
1075 3884 1152 3952 <pert
1164 3882 1254 3936 omnia
1268 3882 1359 3948 Totos,

229 3973 319 4027 omnia
329 4014 335 4026 .
346 3971 489 4040 ‚dogmata
500 3970 710 4024 <uenerantes>.
726 4010 732 4024 .
747 3969 871 4023 similiter
888 3970 964 4024 Bell.
986 3969 1072 4029 Taur.
1156 3971 1173 4024 8
1191 3974 1296 4024 nostres
1318 3971 1358 4040 p²t

227 4078 277 4115 nos
300 4060 326 4112 V
378 4061 411 4114 13
424 4059 498 4127 >malo
521 4058 638 4136 V,eorr.
657 4058 726 4111 Bar.
784 4058 817 4112 18
835 4057 991 4127 deliguntur
1009 4057 1040 4120 V,
1059 4073 1126 4113 corr.
1146 4057 1173 4110 ο2
1225 4059 1260 4112 23
1279 4075 1359 4115 scen-

227 4150 298 4203 tiens
321 4132 346 4201 V
398 4146 554 4201 ucecensis
576 4146 607 4210 V,
626 4144 741 4209 corr..o²
807 4205 811 4212 ,
