<?xml version="1.0" encoding="UTF-8"?>
<!DOCTYPE html PUBLIC "-//W3C//DTD XHTML 1.0 Transitional//EN"
    "http://www.w3.org/TR/xhtml1/DTD/xhtml1-transitional.dtd">
<html xmlns="http://www.w3.org/1999/xhtml" xml:lang="en" lang="en">
 <head>
  <title>
</title>
<meta http-equiv="Content-Type" content="text/html;charset=utf-8" />
  <meta name='ocr-system' content='tesseract 3.04.00' />
  <meta name='ocr-capabilities' content='ocr_page ocr_carea ocr_par ocr_line ocrx_word'/>
</head>
<body>
  <div class='ocr_page' id='page_1' title='image "./epistulaeimpera00gngoog_0160.png"; bbox 0 0 2864 4620; ppageno 0'>
   <div class='ocr_carea' id='block_1_1' title="bbox 402 301 1242 372">
    <p class='ocr_par' dir='ltr' id='par_1_1' title="bbox 402 301 1242 372">
     <span class='ocr_line' id='line_1_1' title="bbox 402 301 1242 372; baseline 0.015 -17"><span class='ocrx_word' id='word_1_1' title='bbox 402 301 491 372; x_wconf 77' lang='lat' dir='ltr'><strong>repro.</strong></span> <span class='ocrx_word' id='word_1_2' title='bbox 510 302 651 358; x_wconf 79' lang='lat' dir='ltr'><strong>ccxxxv</strong></span> <span class='ocrx_word' id='word_1_3' title='bbox 668 303 686 356; x_wconf 85' lang='lat'>4</span> <span class='ocrx_word' id='word_1_4' title='bbox 704 332 738 342; x_wconf 91' lang='lat'><em>-</em></span> <span class='ocrx_word' id='word_1_5' title='bbox 756 301 911 362; x_wconf 74' lang='lat' dir='ltr'><strong>snmus</strong></span> <span class='ocrx_word' id='word_1_6' title='bbox 929 303 954 356; x_wconf 86' lang='lat'><strong>5.</strong></span> <span class='ocrx_word' id='word_1_7' title='bbox 1179 305 1242 368; x_wconf 76' lang='lat'><strong>643</strong></span> 
     </span>
    </p>
   </div>
   <div class='ocr_carea' id='block_1_2' title="bbox 56 493 1285 3540">
    <p class='ocr_par' dir='ltr' id='par_1_2' title="bbox 56 493 1285 3540">
     <span class='ocr_line' id='line_1_2' title="bbox 107 493 1241 578; baseline -0.002 -16"><span class='ocrx_word' id='word_1_8' title='bbox 107 498 207 562; x_wconf 90' lang='lat' dir='ltr'><strong>erunt</strong></span> <span class='ocrx_word' id='word_1_9' title='bbox 228 515 335 562; x_wconf 90' lang='lat' dir='ltr'><strong>omnes</strong></span> <span class='ocrx_word' id='word_1_10' title='bbox 356 496 390 560; x_wconf 95' lang='lat' dir='ltr'><strong>in</strong></span> <span class='ocrx_word' id='word_1_11' title='bbox 412 514 512 560; x_wconf 91' lang='lat' dir='ltr'><strong>unum</strong></span> <span class='ocrx_word' id='word_1_12' title='bbox 534 494 685 578; x_wconf 82' lang='lat' dir='ltr'>episcopi,</span> <span class='ocrx_word' id='word_1_13' title='bbox 708 513 747 558; x_wconf 96' lang='lat' dir='ltr'><strong>ne</strong></span> <span class='ocrx_word' id='word_1_14' title='bbox 771 494 841 577; x_wconf 90' lang='lat' dir='ltr'><strong>quis</strong></span> <span class='ocrx_word' id='word_1_15' title='bbox 864 493 982 559; x_wconf 87' lang='lat' dir='ltr'><strong>misses·</strong></span> <span class='ocrx_word' id='word_1_16' title='bbox 1001 493 1083 560; x_wconf 82' lang='lat' dir='ltr'><strong>foras</strong></span> <span class='ocrx_word' id='word_1_17' title='bbox 1112 494 1241 560; x_wconf 88' lang='lat' dir='ltr'><strong>ciuitate</strong></span> 
     </span>
     <span class='ocr_line' id='line_1_3' title="bbox 106 599 1241 678; baseline 0 -11"><span class='ocrx_word' id='word_1_18' title='bbox 106 607 235 668; x_wconf 88' lang='lat' dir='ltr'><strong>teneret</strong></span> <span class='ocrx_word' id='word_1_19' title='bbox 253 600 309 666; x_wconf 87' lang='lat' dir='ltr'><strong>sed</strong></span> <span class='ocrx_word' id='word_1_20' title='bbox 327 599 400 667; x_wconf 90' lang='lat' dir='ltr'><strong>binc</strong></span> <span class='ocrx_word' id='word_1_21' title='bbox 418 618 536 678; x_wconf 92' lang='lat' dir='ltr'><strong>omnes,</strong></span> <span class='ocrx_word' id='word_1_22' title='bbox 555 601 592 664; x_wconf 89' lang='lat' dir='ltr'><strong>ut</strong></span> <span class='ocrx_word' id='word_1_23' title='bbox 610 602 643 665; x_wconf 92' lang='lat' dir='ltr'><strong>et</strong></span> <span class='ocrx_word' id='word_1_24' title='bbox 659 599 831 665; x_wconf 89' lang='lat' dir='ltr'><strong>multitudo</strong></span> <span class='ocrx_word' id='word_1_25' title='bbox 850 602 936 665; x_wconf 85' lang='lat' dir='ltr'><strong>esset</strong></span> <span class='ocrx_word' id='word_1_26' title='bbox 953 599 1100 664; x_wconf 76' lang='lat' dir='ltr'><strong>seditioni</strong></span> <span class='ocrx_word' id='word_1_27' title='bbox 1117 602 1241 667; x_wconf 86' lang='lat' dir='ltr'><strong>futurae</strong></span> 
     </span>
     <span class='ocr_line' id='line_1_4' title="bbox 110 705 1242 793; baseline -0.002 -20"><span class='ocrx_word' id='word_1_28' title='bbox 110 709 304 793; x_wconf 81' lang='lat' dir='ltr'><strong>congregata</strong></span> <span class='ocrx_word' id='word_1_29' title='bbox 335 710 367 772; x_wconf 93' lang='lat' dir='ltr'><strong>et</strong></span> <span class='ocrx_word' id='word_1_30' title='bbox 403 705 507 772; x_wconf 90' lang='lat' dir='ltr'><strong>doceri</strong></span> <span class='ocrx_word' id='word_1_31' title='bbox 537 706 641 789; x_wconf 77' lang='lat' dir='ltr'><strong>possit</strong></span> <span class='ocrx_word' id='word_1_32' title='bbox 672 705 843 773; x_wconf 87' lang='lat' dir='ltr'><strong>secundnm</strong></span> <span class='ocrx_word' id='word_1_33' title='bbox 876 725 993 772; x_wconf 87' lang='lat' dir='ltr'><strong>errores</strong></span> <span class='ocrx_word' id='word_1_34' title='bbox 1027 709 1160 772; x_wconf 69' lang='lat' dir='ltr'><strong>eorum?</strong></span> <span class='ocrx_word' id='word_1_35' title='bbox 1188 707 1242 789; x_wconf 90' lang='lat' dir='ltr'><strong>qui</strong></span> 
     </span>
     <span class='ocr_line' id='line_1_5' title="bbox 108 811 1241 898; baseline -0.004 -18"><span class='ocrx_word' id='word_1_36' title='bbox 108 817 282 898; x_wconf 86' lang='lat' dir='ltr'><strong>postquam</strong></span> <span class='ocrx_word' id='word_1_37' title='bbox 309 815 475 879; x_wconf 89' lang='lat' dir='ltr'><strong>senserunt</strong></span> <span class='ocrx_word' id='word_1_38' title='bbox 496 832 553 878; x_wconf 92' lang='lat' dir='ltr'><strong>nos</strong></span> <span class='ocrx_word' id='word_1_39' title='bbox 576 813 691 890; x_wconf 88' lang='lat' dir='ltr'><strong>uenire,</strong></span> <span class='ocrx_word' id='word_1_40' title='bbox 719 813 843 896; x_wconf 90' lang='lat' dir='ltr'><strong>publice</strong></span> <span class='ocrx_word' id='word_1_41' title='bbox 870 812 1129 896; x_wconf 86' lang='lat' dir='ltr'><strong>praedieauemnt</strong></span> <span class='ocrx_word' id='word_1_42' title='bbox 1154 811 1241 877; x_wconf 86' lang='lat' dir='ltr'><strong>festi-</strong></span> 
     </span>
     <span class='ocr_line' id='line_1_6' title="bbox 69 917 1242 1003; baseline 0.002 -23"><span class='ocrx_word' id='word_1_43' title='bbox 69 919 250 985; x_wconf 85' lang='lat' dir='ltr'><strong>snandum</strong></span> <span class='ocrx_word' id='word_1_44' title='bbox 278 937 347 984; x_wconf 90' lang='lat' dir='ltr'><strong>esse</strong></span> <span class='ocrx_word' id='word_1_45' title='bbox 375 937 447 983; x_wconf 90' lang='lat' dir='ltr'><strong>cum</strong></span> <span class='ocrx_word' id='word_1_46' title='bbox 473 919 625 1003; x_wconf 88' lang='lat' dir='ltr'><strong>paruulis,</strong></span> <span class='ocrx_word' id='word_1_47' title='bbox 648 938 686 983; x_wconf 91' lang='lat' dir='ltr'><strong>ne</strong></span> <span class='ocrx_word' id='word_1_48' title='bbox 712 918 930 1001; x_wconf 89' lang='lat' dir='ltr'><strong>persecutione</strong></span> <span class='ocrx_word' id='word_1_49' title='bbox 956 917 1102 983; x_wconf 91' lang='lat' dir='ltr'><strong>ueniente</strong></span> <span class='ocrx_word' id='word_1_50' title='bbox 1128 919 1242 1003; x_wconf 83' lang='lat' dir='ltr'><strong>pagani</strong></span> 
     </span>
     <span class='ocr_line' id='line_1_7' title="bbox 108 1023 1240 1108; baseline -0.004 -16"><span class='ocrx_word' id='word_1_51' title='bbox 108 1027 307 1092; x_wconf 75' lang='lat' dir='ltr'><strong>morerentur</strong></span> <span class='ocrx_word' id='word_1_52' title='bbox 326 1024 474 1103; x_wconf 83' lang='lat' dir='ltr'><strong>infantes,</strong></span> <span class='ocrx_word' id='word_1_53' title='bbox 495 1027 527 1089; x_wconf 90' lang='lat' dir='ltr'><strong>et</strong></span> <span class='ocrx_word' id='word_1_54' title='bbox 544 1027 619 1089; x_wconf 88' lang='lat' dir='ltr'><strong>tnnc</strong></span> <span class='ocrx_word' id='word_1_55' title='bbox 637 1025 728 1089; x_wconf 90' lang='lat' dir='ltr'><strong>uelut</strong></span> <span class='ocrx_word' id='word_1_56' title='bbox 748 1023 821 1096; x_wconf 79' lang='lat' dir='ltr'><strong>(ad)</strong></span> <span class='ocrx_word' id='word_1_57' title='bbox 842 1025 975 1108; x_wconf 81' lang='lat' dir='ltr'><strong>alterum</strong></span> <span class='ocrx_word' id='word_1_58' title='bbox 997 1024 1114 1106; x_wconf 87' lang='lat' dir='ltr'><strong>pascha</strong></span> <span class='ocrx_word' id='word_1_59' title='bbox 1136 1026 1240 1089; x_wconf 86' lang='lat' dir='ltr'><strong>tantos</strong></span> 
     </span>
     <span class='ocr_line' id='line_1_8' title="bbox 108 1119 1285 1215; baseline -0.003 -17"><span class='ocrx_word' id='word_1_60' title='bbox 108 1132 366 1215; x_wconf 86' lang='lat' dir='ltr'><strong>baptinauemnt,</strong></span> <span class='ocrx_word' id='word_1_61' title='bbox 397 1134 434 1196; x_wconf 92' lang='lat' dir='ltr'><strong>ut</strong></span> <span class='ocrx_word' id='word_1_62' title='bbox 471 1133 653 1196; x_wconf 85' lang='lat' dir='ltr'><strong>consuetam</strong></span> <span class='ocrx_word' id='word_1_63' title='bbox 688 1130 896 1196; x_wconf 88' lang='lat' dir='ltr'><strong>festiuitatem</strong></span> <span class='ocrx_word' id='word_1_64' title='bbox 936 1133 1127 1213; x_wconf 84' lang='lat' dir='ltr'><strong>superarent.</strong></span> <span class='ocrx_word' id='word_1_65' title='bbox 1166 1119 1285 1195; x_wconf 80' lang='lat' dir='ltr'><strong>&#39;tem4</strong></span> 
     </span>
     <span class='ocr_line' id='line_1_9' title="bbox 110 1235 1243 1319; baseline -0.004 -16"><span class='ocrx_word' id='word_1_66' title='bbox 110 1237 297 1304; x_wconf 86' lang='lat' dir='ltr'><strong>dicendum:</strong></span> <span class='ocrx_word' id='word_1_67' title='bbox 326 1237 354 1301; x_wconf 92' lang='lat' dir='ltr'><strong>si</strong></span> <span class='ocrx_word' id='word_1_68' title='bbox 375 1235 524 1302; x_wconf 85' lang='lat' dir='ltr'><strong>baeretici</strong></span> <span class='ocrx_word' id='word_1_69' title='bbox 550 1255 612 1301; x_wconf 92' lang='lat' dir='ltr'><strong>non</strong></span> <span class='ocrx_word' id='word_1_70' title='bbox 640 1239 724 1316; x_wconf 89' lang='lat' dir='ltr'><strong>sunt,</strong></span> <span class='ocrx_word' id='word_1_71' title='bbox 752 1236 907 1319; x_wconf 86' lang='lat' dir='ltr'><strong>quomode</strong></span> <span class='ocrx_word' id='word_1_72' title='bbox 935 1239 1023 1300; x_wconf 89' lang='lat' dir='ltr'><strong>tanta</strong></span> <span class='ocrx_word' id='word_1_73' title='bbox 1050 1237 1243 1301; x_wconf 86' lang='lat' dir='ltr'><strong>sacramenta</strong></span> 
     </span>
     <span class='ocr_line' id='line_1_10' title="bbox 111 1340 1241 1428; baseline -0.005 -18"><span class='ocrx_word' id='word_1_74' title='bbox 111 1344 322 1420; x_wconf 74' lang='lat' dir='ltr'><strong>confessioni,</strong></span> <span class='ocrx_word' id='word_1_75' title='bbox 337 1345 374 1407; x_wconf 91' lang='lat' dir='ltr'><strong>ut</strong></span> <span class='ocrx_word' id='word_1_76' title='bbox 387 1342 524 1407; x_wconf 84' lang='lat' dir='ltr'><strong>canistra</strong></span> <span class='ocrx_word' id='word_1_77' title='bbox 540 1342 633 1424; x_wconf 90' lang='lat' dir='ltr'><strong>plena</strong></span> <span class='ocrx_word' id='word_1_78' title='bbox 647 1343 791 1408; x_wconf 90' lang='lat' dir='ltr'><strong>omnibus</strong></span> <span class='ocrx_word' id='word_1_79' title='bbox 807 1344 978 1428; x_wconf 83' lang='lat' dir='ltr'><strong>erogarent,</strong></span> <span class='ocrx_word' id='word_1_80' title='bbox 992 1340 1241 1419; x_wconf 75' lang='lat' dir='ltr'><strong>neimminente,</strong></span> 
     </span>
     <span class='ocr_line' id='line_1_11' title="bbox 56 1445 1240 1532; baseline -0.001 -22"><span class='ocrx_word' id='word_1_81' title='bbox 56 1469 89 1510; x_wconf 83' lang='lat' dir='ltr'><strong>ro</strong></span> <span class='ocrx_word' id='word_1_82' title='bbox 112 1451 200 1516; x_wconf 90' lang='lat' dir='ltr'><strong>sicut</strong></span> <span class='ocrx_word' id='word_1_83' title='bbox 220 1449 376 1526; x_wconf 89' lang='lat' dir='ltr'><strong>dicebant,</strong></span> <span class='ocrx_word' id='word_1_84' title='bbox 398 1448 615 1532; x_wconf 88' lang='lat' dir='ltr'><strong>persecutione</strong></span> <span class='ocrx_word' id='word_1_85' title='bbox 639 1448 868 1514; x_wconf 86' lang='lat' dir='ltr'><strong>communicare</strong></span> <span class='ocrx_word' id='word_1_86' title='bbox 890 1468 951 1513; x_wconf 91' lang='lat' dir='ltr'><strong>non</strong></span> <span class='ocrx_word' id='word_1_87' title='bbox 974 1447 1120 1532; x_wconf 81' lang='lat' dir='ltr'><strong>possint?</strong></span> <span class='ocrx_word' id='word_1_88' title='bbox 1146 1445 1240 1511; x_wconf 92' lang='lat' dir='ltr'><strong>item:</strong></span> 
     </span>
     <span class='ocr_line' id='line_1_12' title="bbox 112 1552 1241 1639; baseline -0.002 -19"><span class='ocrx_word' id='word_1_89' title='bbox 112 1557 144 1620; x_wconf 90' lang='lat' dir='ltr'><strong>si</strong></span> <span class='ocrx_word' id='word_1_90' title='bbox 156 1555 304 1626; x_wconf 86' lang='lat' dir='ltr'><strong>haeretiei</strong></span> <span class='ocrx_word' id='word_1_91' title='bbox 316 1574 377 1622; x_wconf 94' lang='lat' dir='ltr'><strong>non</strong></span> <span class='ocrx_word' id='word_1_92' title='bbox 393 1559 477 1633; x_wconf 88' lang='lat' dir='ltr'><strong>sunt,</strong></span> <span class='ocrx_word' id='word_1_93' title='bbox 490 1559 697 1638; x_wconf 88' lang='lat' dir='ltr'><strong>posteaquam</strong></span> <span class='ocrx_word' id='word_1_94' title='bbox 712 1556 851 1620; x_wconf 88' lang='lat' dir='ltr'><strong>accusati</strong></span> <span class='ocrx_word' id='word_1_95' title='bbox 864 1557 938 1621; x_wconf 88' lang='lat' dir='ltr'><strong>sunt</strong></span> <span class='ocrx_word' id='word_1_96' title='bbox 951 1555 1051 1639; x_wconf 84' lang='lat' dir='ltr'><strong>gestis</strong></span> <span class='ocrx_word' id='word_1_97' title='bbox 1065 1574 1084 1619; x_wconf 86' lang='lat' dir='ltr'><strong>a</strong></span> <span class='ocrx_word' id='word_1_98' title='bbox 1102 1552 1241 1620; x_wconf 77' lang='lat' dir='ltr'><strong>Candido</strong></span> 
     </span>
     <span class='ocr_line' id='line_1_13' title="bbox 111 1659 1241 1747; baseline -0.005 -19"><span class='ocrx_word' id='word_1_99' title='bbox 111 1683 146 1728; x_wconf 89' lang='lat' dir='ltr'><strong>u.</strong></span> <span class='ocrx_word' id='word_1_100' title='bbox 170 1683 194 1730; x_wconf 89' lang='lat' dir='ltr'><strong>s.</strong></span> <span class='ocrx_word' id='word_1_101' title='bbox 220 1661 337 1728; x_wconf 71' lang='lat' dir='ltr'><strong>niceno</strong></span> <span class='ocrx_word' id='word_1_102' title='bbox 359 1661 505 1747; x_wconf 83' lang='lat' dir='ltr'><strong>magistri</strong></span> <span class='ocrx_word' id='word_1_103' title='bbox 526 1661 664 1726; x_wconf 89' lang='lat' dir='ltr'><strong>militum</strong></span> <span class='ocrx_word' id='word_1_104' title='bbox 686 1662 952 1744; x_wconf 85' lang='lat' dir='ltr'><strong>praetorianorum</strong></span> <span class='ocrx_word' id='word_1_105' title='bbox 969 1661 1002 1725; x_wconf 93' lang='lat' dir='ltr'><strong>in</strong></span> <span class='ocrx_word' id='word_1_106' title='bbox 1020 1659 1137 1725; x_wconf 88' lang='lat' dir='ltr'><strong>indicio</strong></span> <span class='ocrx_word' id='word_1_107' title='bbox 1155 1678 1241 1741; x_wconf 91' lang='lat' dir='ltr'><strong>prae-</strong></span> 
     </span>
     <span class='ocr_line' id='line_1_14' title="bbox 110 1765 1239 1852; baseline -0.005 -18"><span class='ocrx_word' id='word_1_108' title='bbox 110 1771 268 1835; x_wconf 85' lang='lat' dir='ltr'><strong>fectorum</strong></span> <span class='ocrx_word' id='word_1_109' title='bbox 290 1771 322 1833; x_wconf 87' lang='lat' dir='ltr'><strong>et</strong></span> <span class='ocrx_word' id='word_1_110' title='bbox 345 1766 406 1833; x_wconf 88' lang='lat' dir='ltr'><strong>sibi</strong></span> <span class='ocrx_word' id='word_1_111' title='bbox 428 1770 588 1832; x_wconf 87' lang='lat' dir='ltr'><strong>maturum</strong></span> <span class='ocrx_word' id='word_1_112' title='bbox 609 1767 786 1850; x_wconf 90' lang='lat' dir='ltr'><strong>periculum</strong></span> <span class='ocrx_word' id='word_1_113' title='bbox 806 1768 1030 1852; x_wconf 82' lang='lat' dir='ltr'><strong>cognoscerent</strong></span> <span class='ocrx_word' id='word_1_114' title='bbox 1047 1765 1239 1843; x_wconf 87' lang='lat' dir='ltr'><strong>adfuturum,</strong></span> 
     </span>
     <span class='ocr_line' id='line_1_15' title="bbox 112 1871 1240 1958; baseline -0.004 -19"><span class='ocrx_word' id='word_1_115' title='bbox 112 1893 208 1958; x_wconf 88' lang='lat' dir='ltr'><strong>quare</strong></span> <span class='ocrx_word' id='word_1_116' title='bbox 244 1874 346 1939; x_wconf 91' lang='lat' dir='ltr'><strong>denuo</strong></span> <span class='ocrx_word' id='word_1_117' title='bbox 382 1877 544 1955; x_wconf 86' lang='lat' dir='ltr'><strong>tamquam</strong></span> <span class='ocrx_word' id='word_1_118' title='bbox 580 1872 756 1950; x_wconf 88' lang='lat' dir='ltr'><strong>damnandi,</strong></span> <span class='ocrx_word' id='word_1_119' title='bbox 793 1874 884 1938; x_wconf 90' lang='lat' dir='ltr'><strong>uelut</strong></span> <span class='ocrx_word' id='word_1_120' title='bbox 918 1872 1086 1938; x_wconf 91' lang='lat' dir='ltr'><strong>subuenire</strong></span> <span class='ocrx_word' id='word_1_121' title='bbox 1126 1871 1240 1935; x_wconf 90' lang='lat' dir='ltr'><strong>iterum</strong></span> 
     </span>
     <span class='ocr_line' id='line_1_16' title="bbox 62 1978 1242 2064; baseline -0.002 -23"><span class='ocrx_word' id='word_1_122' title='bbox 62 1999 91 2042; x_wconf 78' lang='lat'><strong>1⁵</strong></span> <span class='ocrx_word' id='word_1_123' title='bbox 110 1981 254 2064; x_wconf 87' lang='lat' dir='ltr'><strong>paruulis</strong></span> <span class='ocrx_word' id='word_1_124' title='bbox 290 1978 463 2063; x_wconf 86' lang='lat' dir='ltr'><strong>cupientes,</strong></span> <span class='ocrx_word' id='word_1_125' title='bbox 501 1980 589 2045; x_wconf 85' lang='lat' dir='ltr'><strong>tanta</strong></span> <span class='ocrx_word' id='word_1_126' title='bbox 623 1998 748 2043; x_wconf 84' lang='lat' dir='ltr'><strong>rursum</strong></span> <span class='ocrx_word' id='word_1_127' title='bbox 781 1983 813 2044; x_wconf 90' lang='lat' dir='ltr'><strong>et</strong></span> <span class='ocrx_word' id='word_1_128' title='bbox 848 1979 1001 2044; x_wconf 84' lang='lat' dir='ltr'><strong>confutati</strong></span> <span class='ocrx_word' id='word_1_129' title='bbox 1039 1979 1242 2043; x_wconf 86' lang='lat' dir='ltr'><strong>exercuerunt</strong></span> 
     </span>
     <span class='ocr_line' id='line_1_17' title="bbox 111 2082 1240 2170; baseline -0.006 -18"><span class='ocrx_word' id='word_1_130' title='bbox 111 2086 312 2170; x_wconf 87' lang='lat' dir='ltr'><strong>baptismata,</strong></span> <span class='ocrx_word' id='word_1_131' title='bbox 345 2089 382 2151; x_wconf 94' lang='lat' dir='ltr'><strong>ut</strong></span> <span class='ocrx_word' id='word_1_132' title='bbox 412 2105 486 2150; x_wconf 89' lang='lat' dir='ltr'><strong>uere</strong></span> <span class='ocrx_word' id='word_1_133' title='bbox 519 2084 640 2150; x_wconf 90' lang='lat' dir='ltr'><strong>cunctis</strong></span> <span class='ocrx_word' id='word_1_134' title='bbox 668 2104 702 2149; x_wconf 90' lang='lat' dir='ltr'><strong>se</strong></span> <span class='ocrx_word' id='word_1_135' title='bbox 729 2085 903 2150; x_wconf 87' lang='lat' dir='ltr'><strong>haereticos</strong></span> <span class='ocrx_word' id='word_1_136' title='bbox 937 2083 1168 2150; x_wconf 83' lang='lat' dir='ltr'><strong>ostendissent?</strong></span> <span class='ocrx_word' id='word_1_137' title='bbox 1202 2082 1240 2146; x_wconf 91' lang='lat' dir='ltr'><strong>ad</strong></span> 
     </span>
     <span class='ocr_line' id='line_1_18' title="bbox 113 2186 1240 2274; baseline -0.004 -20"><span class='ocrx_word' id='word_1_138' title='bbox 113 2209 208 2274; x_wconf 89' lang='lat' dir='ltr'><strong>qnam</strong></span> <span class='ocrx_word' id='word_1_139' title='bbox 228 2209 294 2255; x_wconf 90' lang='lat' dir='ltr'><strong>rem</strong></span> <span class='ocrx_word' id='word_1_140' title='bbox 318 2189 395 2255; x_wconf 86' lang='lat' dir='ltr'><strong>setis</strong></span> <span class='ocrx_word' id='word_1_141' title='bbox 415 2191 447 2253; x_wconf 88' lang='lat' dir='ltr'><strong>et</strong></span> <span class='ocrx_word' id='word_1_142' title='bbox 464 2188 631 2272; x_wconf 85' lang='lat' dir='ltr'><strong>magnifica</strong></span> <span class='ocrx_word' id='word_1_143' title='bbox 647 2191 789 2272; x_wconf 90' lang='lat' dir='ltr'><strong>potestas</strong></span> <span class='ocrx_word' id='word_1_144' title='bbox 807 2189 1036 2271; x_wconf 79' lang='lat' dir='ltr'><strong>praefectorum</strong></span> <span class='ocrx_word' id='word_1_145' title='bbox 1054 2186 1240 2273; x_wconf 81' lang='lat' dir='ltr'><strong>grauissime</strong></span> 
     </span>
     <span class='ocr_line' id='line_1_19' title="bbox 112 2286 1284 2381; baseline -0.004 -21"><span class='ocrx_word' id='word_1_146' title='bbox 112 2296 274 2381; x_wconf 84' lang='lat' dir='ltr'><strong>indignata</strong></span> <span class='ocrx_word' id='word_1_147' title='bbox 297 2298 356 2363; x_wconf 85' lang='lat' dir='ltr'><strong>est.</strong></span> <span class='ocrx_word' id='word_1_148' title='bbox 378 2295 473 2360; x_wconf 90' lang='lat' dir='ltr'><strong>item:</strong></span> <span class='ocrx_word' id='word_1_149' title='bbox 497 2295 525 2361; x_wconf 92' lang='lat' dir='ltr'><strong>si</strong></span> <span class='ocrx_word' id='word_1_150' title='bbox 547 2294 696 2359; x_wconf 89' lang='lat' dir='ltr'><strong>haeretici</strong></span> <span class='ocrx_word' id='word_1_151' title='bbox 720 2314 780 2360; x_wconf 91' lang='lat' dir='ltr'><strong>non</strong></span> <span class='ocrx_word' id='word_1_152' title='bbox 804 2296 888 2372; x_wconf 89' lang='lat' dir='ltr'><strong>sunt,</strong></span> <span class='ocrx_word' id='word_1_153' title='bbox 916 2295 1084 2377; x_wconf 89' lang='lat' dir='ltr'><strong>quomodo,</strong></span> <span class='ocrx_word' id='word_1_154' title='bbox 1114 2312 1185 2358; x_wconf 89' lang='lat' dir='ltr'><strong>cnm</strong></span> <span class='ocrx_word' id='word_1_155' title='bbox 1208 2293 1240 2356; x_wconf 93' lang='lat' dir='ltr'><strong>in</strong></span> <span class='ocrx_word' id='word_1_156' title='bbox 1265 2286 1284 2349; x_wconf 88' lang='lat'>5</span> 
     </span>
     <span class='ocr_line' id='line_1_20' title="bbox 113 2399 1242 2486; baseline -0.005 -18"><span class='ocrx_word' id='word_1_157' title='bbox 113 2401 295 2486; x_wconf 87' lang='lat' dir='ltr'><strong>baptisterio</strong></span> <span class='ocrx_word' id='word_1_158' title='bbox 333 2401 479 2474; x_wconf 86' lang='lat' dir='ltr'><strong>absconsi</strong></span> <span class='ocrx_word' id='word_1_159' title='bbox 517 2419 669 2480; x_wconf 80' lang='lat' dir='ltr'><strong>essemus,</strong></span> <span class='ocrx_word' id='word_1_160' title='bbox 707 2401 837 2466; x_wconf 90' lang='lat' dir='ltr'><strong>consilio</strong></span> <span class='ocrx_word' id='word_1_161' title='bbox 870 2401 952 2465; x_wconf 90' lang='lat' dir='ltr'><strong>inter</strong></span> <span class='ocrx_word' id='word_1_162' title='bbox 983 2420 1017 2465; x_wconf 93' lang='lat' dir='ltr'><strong>se</strong></span> <span class='ocrx_word' id='word_1_163' title='bbox 1047 2399 1155 2465; x_wconf 90' lang='lat' dir='ltr'><strong>habito</strong></span> <span class='ocrx_word' id='word_1_164' title='bbox 1186 2418 1242 2482; x_wconf 89' lang='lat' dir='ltr'><strong>per</strong></span> 
     </span>
     <span class='ocr_line' id='line_1_21' title="bbox 63 2505 1241 2596; baseline -0.004 -23"><span class='ocrx_word' id='word_1_165' title='bbox 63 2533 93 2573; x_wconf 82' lang='lat' dir='ltr'><strong>so</strong></span> <span class='ocrx_word' id='word_1_166' title='bbox 111 2512 243 2596; x_wconf 26' lang='lat' dir='ltr'><strong>poetam,</strong></span> <span class='ocrx_word' id='word_1_167' title='bbox 260 2508 351 2574; x_wconf 89' lang='lat' dir='ltr'><strong>uelut</strong></span> <span class='ocrx_word' id='word_1_168' title='bbox 369 2507 407 2572; x_wconf 92' lang='lat' dir='ltr'><strong>de</strong></span> <span class='ocrx_word' id='word_1_169' title='bbox 425 2507 565 2591; x_wconf 88' lang='lat' dir='ltr'><strong>periculo</strong></span> <span class='ocrx_word' id='word_1_170' title='bbox 584 2507 715 2572; x_wconf 90' lang='lat' dir='ltr'><strong>liberare</strong></span> <span class='ocrx_word' id='word_1_171' title='bbox 733 2527 790 2572; x_wconf 90' lang='lat' dir='ltr'><strong>nos</strong></span> <span class='ocrx_word' id='word_1_172' title='bbox 809 2509 951 2573; x_wconf 89' lang='lat' dir='ltr'><strong>uolentes</strong></span> <span class='ocrx_word' id='word_1_173' title='bbox 969 2508 1001 2571; x_wconf 89' lang='lat' dir='ltr'><strong>in</strong></span> <span class='ocrx_word' id='word_1_174' title='bbox 1019 2525 1099 2571; x_wconf 91' lang='lat' dir='ltr'><strong>naue</strong></span> <span class='ocrx_word' id='word_1_175' title='bbox 1117 2505 1241 2570; x_wconf 91' lang='lat' dir='ltr'><strong>mittere</strong></span> 
     </span>
     <span class='ocr_line' id='line_1_22' title="bbox 112 2609 1240 2696; baseline -0.007 -14"><span class='ocrx_word' id='word_1_176' title='bbox 112 2616 291 2692; x_wconf 84' lang='lat' dir='ltr'><strong>uoluerunt,</strong></span> <span class='ocrx_word' id='word_1_177' title='bbox 314 2616 352 2679; x_wconf 95' lang='lat' dir='ltr'><strong>ut</strong></span> <span class='ocrx_word' id='word_1_178' title='bbox 372 2615 431 2679; x_wconf 89' lang='lat' dir='ltr'><strong>hae</strong></span> <span class='ocrx_word' id='word_1_179' title='bbox 454 2609 617 2679; x_wconf 82' lang='lat' dir='ltr'><strong>occasione</strong></span> <span class='ocrx_word' id='word_1_180' title='bbox 639 2613 717 2687; x_wconf 83' lang='lat' dir='ltr'><strong>mari</strong></span> <span class='ocrx_word' id='word_1_181' title='bbox 743 2613 930 2696; x_wconf 86' lang='lat' dir='ltr'><strong>praecipites</strong></span> <span class='ocrx_word' id='word_1_182' title='bbox 958 2613 1077 2692; x_wconf 86' lang='lat' dir='ltr'><strong>darent,</strong></span> <span class='ocrx_word' id='word_1_183' title='bbox 1106 2631 1240 2693; x_wconf 89' lang='lat' dir='ltr'><strong>cumque</strong></span> 
     </span>
     <span class='ocr_line' id='line_1_23' title="bbox 112 2717 1242 2803; baseline -0.004 -16"><span class='ocrx_word' id='word_1_184' title='bbox 112 2740 169 2789; x_wconf 91' lang='lat' dir='ltr'><strong>nos</strong></span> <span class='ocrx_word' id='word_1_185' title='bbox 208 2720 479 2803; x_wconf 87' lang='lat' dir='ltr'><strong>respondissemus</strong></span> <span class='ocrx_word' id='word_1_186' title='bbox 515 2739 572 2802; x_wconf 89' lang='lat' dir='ltr'><strong>per</strong></span> <span class='ocrx_word' id='word_1_187' title='bbox 606 2719 802 2785; x_wconf 82' lang='lat' dir='ltr'><strong>Demetrium</strong></span> <span class='ocrx_word' id='word_1_188' title='bbox 838 2723 871 2784; x_wconf 88' lang='lat' dir='ltr'><strong>et</strong></span> <span class='ocrx_word' id='word_1_189' title='bbox 904 2719 1060 2784; x_wconf 83' lang='lat' dir='ltr'><strong>Andream</strong></span> <span class='ocrx_word' id='word_1_190' title='bbox 1096 2717 1242 2782; x_wconf 87' lang='lat' dir='ltr'><strong>diacones</strong></span> 
     </span>
     <span class='ocr_line' id='line_1_24' title="bbox 111 2824 1240 2910; baseline -0.008 -16"><span class='ocrx_word' id='word_1_191' title='bbox 111 2828 230 2894; x_wconf 91' lang='lat' dir='ltr'><strong>‘omnes</strong></span> <span class='ocrx_word' id='word_1_192' title='bbox 253 2846 309 2893; x_wconf 92' lang='lat' dir='ltr'><strong>nos</strong></span> <span class='ocrx_word' id='word_1_193' title='bbox 333 2827 417 2910; x_wconf 86' lang='lat' dir='ltr'><strong>apud</strong></span> <span class='ocrx_word' id='word_1_194' title='bbox 438 2844 497 2890; x_wconf 88' lang='lat' dir='ltr'><strong>uos</strong></span> <span class='ocrx_word' id='word_1_195' title='bbox 521 2844 591 2890; x_wconf 90' lang='lat' dir='ltr'><strong>esse</strong></span> <span class='ocrx_word' id='word_1_196' title='bbox 614 2827 827 2910; x_wconf 87' lang='lat' dir='ltr'><strong>cognoscunt:</strong></span> <span class='ocrx_word' id='word_1_197' title='bbox 855 2824 1011 2910; x_wconf 88' lang='lat' dir='ltr'><strong>quomodo</strong></span> <span class='ocrx_word' id='word_1_198' title='bbox 1034 2843 1090 2909; x_wconf 91' lang='lat' dir='ltr'><strong>per</strong></span> <span class='ocrx_word' id='word_1_199' title='bbox 1116 2826 1240 2889; x_wconf 87' lang='lat' dir='ltr'><strong>nectem</strong></span> 
     </span>
     <span class='ocr_line' id='line_1_25' title="bbox 111 2930 1240 3018; baseline -0.004 -20"><span class='ocrx_word' id='word_1_200' title='bbox 111 2933 260 3018; x_wconf 84' lang='lat' dir='ltr'><strong>nauigare</strong></span> <span class='ocrx_word' id='word_1_201' title='bbox 282 2935 477 3016; x_wconf 76' lang='lat' dir='ltr'><strong>possumus?</strong></span> <span class='ocrx_word' id='word_1_202' title='bbox 501 2931 557 2996; x_wconf 89' lang='lat' dir='ltr'><strong>sed</strong></span> <span class='ocrx_word' id='word_1_203' title='bbox 580 2931 703 2995; x_wconf 90' lang='lat' dir='ltr'><strong>sinere</strong></span> <span class='ocrx_word' id='word_1_204' title='bbox 726 2950 781 3015; x_wconf 90' lang='lat' dir='ltr'><strong>pro</strong></span> <span class='ocrx_word' id='word_1_205' title='bbox 804 2934 910 2997; x_wconf 91' lang='lat' dir='ltr'><strong>nostra</strong></span> <span class='ocrx_word' id='word_1_206' title='bbox 932 2931 1035 2996; x_wconf 91' lang='lat' dir='ltr'><strong>salute</strong></span> <span class='ocrx_word' id='word_1_207' title='bbox 1058 2930 1240 3006; x_wconf 68' lang='lat' dir='ltr'><strong>consuletis</strong></span> 
     </span>
     <span class='ocr_line' id='line_1_26' title="bbox 64 3036 1240 3121; baseline -0.006 -16"><span class='ocrx_word' id='word_1_208' title='bbox 64 3071 92 3112; x_wconf 49' lang='grc' dir='ltr'><strong>,ὅ</strong></span> <span class='ocrx_word' id='word_1_209' title='bbox 111 3038 247 3105; x_wconf 87' lang='lat' dir='ltr'><strong>crastina</strong></span> <span class='ocrx_word' id='word_1_210' title='bbox 269 3038 320 3104; x_wconf 91' lang='lat' dir='ltr'><strong>die</strong></span> <span class='ocrx_word' id='word_1_211' title='bbox 342 3040 461 3103; x_wconf 88' lang='lat' dir='ltr'><strong>secrete</strong></span> <span class='ocrx_word' id='word_1_212' title='bbox 485 3037 622 3121; x_wconf 88' lang='lat' dir='ltr'><strong>quinque</strong></span> <span class='ocrx_word' id='word_1_213' title='bbox 645 3037 698 3101; x_wconf 89' lang='lat' dir='ltr'><strong>uel</strong></span> <span class='ocrx_word' id='word_1_214' title='bbox 721 3055 774 3102; x_wconf 86' lang='lat' dir='ltr'><strong>ser</strong></span> <span class='ocrx_word' id='word_1_215' title='bbox 797 3041 965 3115; x_wconf 87' lang='lat' dir='ltr'><strong>senatores,</strong></span> <span class='ocrx_word' id='word_1_216' title='bbox 990 3036 1043 3120; x_wconf 91' lang='lat' dir='ltr'><strong>qui</strong></span> <span class='ocrx_word' id='word_1_217' title='bbox 1066 3036 1240 3121; x_wconf 90' lang='lat' dir='ltr'><strong>perieulum</strong></span> 
     </span>
     <span class='ocr_line' id='line_1_27' title="bbox 112 3139 1241 3225; baseline -0.007 -16"><span class='ocrx_word' id='word_1_218' title='bbox 112 3143 307 3209; x_wconf 82' lang='lat' dir='ltr'><strong>substantiae</strong></span> <span class='ocrx_word' id='word_1_219' title='bbox 321 3143 374 3208; x_wconf 92' lang='lat' dir='ltr'><strong>uel</strong></span> <span class='ocrx_word' id='word_1_220' title='bbox 388 3142 500 3207; x_wconf 89' lang='lat' dir='ltr'><strong>salutis</strong></span> <span class='ocrx_word' id='word_1_221' title='bbox 515 3161 590 3208; x_wconf 86' lang='lat' dir='ltr'><strong>suae</strong></span> <span class='ocrx_word' id='word_1_222' title='bbox 609 3144 765 3220; x_wconf 87' lang='lat' dir='ltr'><strong>metuunt,</strong></span> <span class='ocrx_word' id='word_1_223' title='bbox 778 3159 842 3205; x_wconf 87' lang='lat' dir='ltr'><strong>una</strong></span> <span class='ocrx_word' id='word_1_224' title='bbox 860 3160 931 3206; x_wconf 89' lang='lat' dir='ltr'><strong>enm</strong></span> <span class='ocrx_word' id='word_1_225' title='bbox 945 3140 1087 3225; x_wconf 84' lang='lat' dir='ltr'><strong>magistri</strong></span> <span class='ocrx_word' id='word_1_226' title='bbox 1101 3139 1241 3204; x_wconf 90' lang='lat' dir='ltr'><strong>militum</strong></span> 
     </span>
     <span class='ocr_line' id='line_1_28' title="bbox 110 3245 1240 3332; baseline -0.006 -18"><span class='ocrx_word' id='word_1_227' title='bbox 110 3249 229 3315; x_wconf 84' lang='lat' dir='ltr'><strong>nicorio</strong></span> <span class='ocrx_word' id='word_1_228' title='bbox 248 3247 387 3315; x_wconf 79' lang='lat' dir='ltr'><strong>Candido</strong></span> <span class='ocrx_word' id='word_1_229' title='bbox 407 3249 521 3314; x_wconf 89' lang='lat' dir='ltr'><strong>comite</strong></span> <span class='ocrx_word' id='word_1_230' title='bbox 543 3250 689 3314; x_wconf 90' lang='lat' dir='ltr'><strong>iubeatur</strong></span> <span class='ocrx_word' id='word_1_231' title='bbox 708 3249 876 3315; x_wconf 83' lang='lat' dir='ltr'><strong>adussero:</strong></span> <span class='ocrx_word' id='word_1_232' title='bbox 901 3249 1091 3332; x_wconf 81' lang='lat' dir='ltr'><strong>cognoscent</strong></span> <span class='ocrx_word' id='word_1_233' title='bbox 1113 3248 1146 3311; x_wconf 90' lang='lat' dir='ltr'><strong>et</strong></span> <span class='ocrx_word' id='word_1_234' title='bbox 1166 3245 1240 3326; x_wconf 90' lang='lat' dir='ltr'><strong>ipsi,</strong></span> 
     </span>
     <span class='ocr_line' id='line_1_29' title="bbox 110 3350 1240 3438; baseline -0.005 -18"><span class='ocrx_word' id='word_1_235' title='bbox 110 3354 167 3420; x_wconf 91' lang='lat' dir='ltr'><strong>ubi</strong></span> <span class='ocrx_word' id='word_1_236' title='bbox 196 3355 421 3432; x_wconf 79' lang='lat' dir='ltr'><strong>transferimur,</strong></span> <span class='ocrx_word' id='word_1_237' title='bbox 454 3358 485 3420; x_wconf 91' lang='lat' dir='ltr'><strong>et</strong></span> <span class='ocrx_word' id='word_1_238' title='bbox 516 3355 650 3420; x_wconf 86' lang='lat' dir='ltr'><strong>facimus</strong></span> <span class='ocrx_word' id='word_1_239' title='bbox 682 3355 767 3438; x_wconf 90' lang='lat' dir='ltr'><strong>quod</strong></span> <span class='ocrx_word' id='word_1_240' title='bbox 797 3354 922 3429; x_wconf 81' lang='lat' dir='ltr'><strong>iubent3</strong></span> <span class='ocrx_word' id='word_1_241' title='bbox 952 3353 1003 3419; x_wconf 90' lang='lat' dir='ltr'><strong>sin</strong></span> <span class='ocrx_word' id='word_1_242' title='bbox 1036 3356 1143 3418; x_wconf 92' lang='lat' dir='ltr'><strong>autem</strong></span> <span class='ocrx_word' id='word_1_243' title='bbox 1180 3350 1240 3416; x_wconf 86' lang='lat' dir='ltr'><strong>soli</strong></span> 
     </span>
     <span class='ocr_line' id='line_1_30' title="bbox 109 3458 1240 3540; baseline -0.008 -13"><span class='ocrx_word' id='word_1_244' title='bbox 109 3462 273 3540; x_wconf 84' lang='lat' dir='ltr'><strong>secretim,</strong></span> <span class='ocrx_word' id='word_1_245' title='bbox 289 3459 349 3526; x_wconf 87' lang='lat' dir='ltr'><strong>hec</strong></span> <span class='ocrx_word' id='word_1_246' title='bbox 372 3481 433 3526; x_wconf 92' lang='lat' dir='ltr'><strong>non</strong></span> <span class='ocrx_word' id='word_1_247' title='bbox 455 3461 609 3538; x_wconf 86' lang='lat' dir='ltr'><strong>facimus‘,</strong></span> <span class='ocrx_word' id='word_1_248' title='bbox 634 3466 709 3527; x_wconf 90' lang='lat' dir='ltr'><strong>tunc</strong></span> <span class='ocrx_word' id='word_1_249' title='bbox 732 3460 781 3525; x_wconf 92' lang='lat' dir='ltr'><strong>illi</strong></span> <span class='ocrx_word' id='word_1_250' title='bbox 798 3481 859 3526; x_wconf 89' lang='lat' dir='ltr'><strong>non</strong></span> <span class='ocrx_word' id='word_1_251' title='bbox 876 3460 1074 3525; x_wconf 89' lang='lat' dir='ltr'><strong>inuenientes</strong></span> <span class='ocrx_word' id='word_1_252' title='bbox 1094 3458 1240 3526; x_wconf 87' lang='lat' dir='ltr'><strong>effectum</strong></span> 
     </span>
    </p>
   </div>
   <div class='ocr_carea' id='block_1_3' title="bbox 107 3647 1243 3917">
    <p class='ocr_par' dir='ltr' id='par_1_3' title="bbox 107 3647 1243 3917">
     <span class='ocr_line' id='line_1_31' title="bbox 146 3647 1240 3718; baseline -0.002 -15"><span class='ocrx_word' id='word_1_253' title='bbox 146 3649 328 3718; x_wconf 80' lang='lat' dir='ltr'><strong>leiuitstemp</strong></span> <span class='ocrx_word' id='word_1_254' title='bbox 364 3647 628 3718; x_wconf 51' lang='lat' dir='ltr'><strong>thietbiclmedcs.</strong></span> <span class='ocrx_word' id='word_1_255' title='bbox 637 3651 874 3718; x_wconf 76' lang='lat' dir='ltr'><strong>saprap.642,18</strong></span> <span class='ocrx_word' id='word_1_256' title='bbox 908 3650 924 3704; x_wconf 87' lang='lat'><strong>3</strong></span> <span class='ocrx_word' id='word_1_257' title='bbox 931 3650 1094 3718; x_wconf 79' lang='lat' dir='ltr'><strong>fortposset</strong></span> <span class='ocrx_word' id='word_1_258' title='bbox 1129 3650 1240 3702; x_wconf 80' lang='lat' dir='ltr'><strong>tmere·</strong></span> 
     </span>
     <span class='ocr_line' id='line_1_32' title="bbox 108 3735 1239 3809; baseline 0 -18"><span class='ocrx_word' id='word_1_259' title='bbox 108 3739 202 3792; x_wconf 86' lang='lat' dir='ltr'><strong>rentur</strong></span> <span class='ocrx_word' id='word_1_260' title='bbox 210 3735 249 3790; x_wconf 81' lang='lat'><strong>0²:</strong></span> <span class='ocrx_word' id='word_1_261' title='bbox 268 3736 488 3791; x_wconf 85' lang='lat' dir='ltr'><strong>memoranturV</strong></span> <span class='ocrx_word' id='word_1_262' title='bbox 532 3736 567 3791; x_wconf 86' lang='lat' dir='ltr'><strong>sd</strong></span> <span class='ocrx_word' id='word_1_263' title='bbox 586 3736 690 3793; x_wconf 81' lang='lat' dir='ltr'><strong>add.o²</strong></span> <span class='ocrx_word' id='word_1_264' title='bbox 741 3755 823 3809; x_wconf 85' lang='lat' dir='ltr'><strong>pasca</strong></span> <span class='ocrx_word' id='word_1_265' title='bbox 840 3738 867 3793; x_wconf 99' lang='lat' dir='ltr'><strong>V</strong></span> <span class='ocrx_word' id='word_1_266' title='bbox 899 3737 1138 3797; x_wconf 74' lang='lat' dir='ltr'><strong>tconficernntV</strong></span> <span class='ocrx_word' id='word_1_267' title='bbox 1170 3738 1239 3806; x_wconf 69' lang='lat' dir='ltr'><strong>bap.</strong></span> 
     </span>
     <span class='ocr_line' id='line_1_33' title="bbox 107 3822 1243 3917; baseline -0.001 -39"><span class='ocrx_word' id='word_1_268' title='bbox 107 3823 250 3878; x_wconf 88' lang='lat' dir='ltr'><strong>imminens</strong></span> <span class='ocrx_word' id='word_1_269' title='bbox 260 3865 266 3878; x_wconf 90' lang='lat'><strong>.</strong></span> <span class='ocrx_word' id='word_1_270' title='bbox 277 3865 283 3878; x_wconf 94' lang='lat'><strong>.</strong></span> <span class='ocrx_word' id='word_1_271' title='bbox 294 3823 443 3893; x_wconf 87' lang='lat' dir='ltr'><strong>persecutio</strong></span> <span class='ocrx_word' id='word_1_272' title='bbox 457 3822 488 3887; x_wconf 87' lang='lat' dir='ltr'><strong>V,</strong></span> <span class='ocrx_word' id='word_1_273' title='bbox 508 3839 577 3917; x_wconf 63' lang='lat' dir='ltr'><strong>corr.</strong></span> <span class='ocrx_word' id='word_1_274' title='bbox 588 3822 615 3877; x_wconf 79' lang='lat'><strong>0²</strong></span> <span class='ocrx_word' id='word_1_275' title='bbox 660 3826 694 3881; x_wconf 86' lang='lat'><strong>10</strong></span> <span class='ocrx_word' id='word_1_276' title='bbox 703 3828 814 3895; x_wconf 88' lang='lat' dir='ltr'><strong>possent</strong></span> <span class='ocrx_word' id='word_1_277' title='bbox 827 3825 1013 3896; x_wconf 66' lang='lat' dir='ltr'><strong>eodrtopelic.</strong></span> <span class='ocrx_word' id='word_1_278' title='bbox 1052 3826 1084 3881; x_wconf 81' lang='lat'><strong>11</strong></span> <span class='ocrx_word' id='word_1_279' title='bbox 1100 3824 1204 3879; x_wconf 85' lang='lat' dir='ltr'><strong>sensati</strong></span> <span class='ocrx_word' id='word_1_280' title='bbox 1220 3825 1243 3876; x_wconf 92' lang='lat' dir='ltr'><em>V</em></span> 
     </span>
    </p>
   </div>
   <div class='ocr_carea' id='block_1_4' title="bbox 107 3896 1240 4240">
    <p class='ocr_par' dir='ltr' id='par_1_4' title="bbox 107 3896 1240 4240">
     <span class='ocr_line' id='line_1_34' title="bbox 109 3896 1239 3992; baseline 0.001 -18"><span class='ocrx_word' id='word_1_281' title='bbox 109 3921 144 3975; x_wconf 80' lang='lat'><strong>12</strong></span> <span class='ocrx_word' id='word_1_282' title='bbox 165 3921 395 3992; x_wconf 83' lang='lat' dir='ltr'><strong>praetorianorum</strong></span> <span class='ocrx_word' id='word_1_283' title='bbox 412 3921 498 3976; x_wconf 71' lang='lat' dir='ltr'><strong>Boas</strong></span> <span class='ocrx_word' id='word_1_284' title='bbox 515 3896 547 3992; x_wconf 76' lang='lat' dir='ltr'><strong>pr</strong></span> <span class='ocrx_word' id='word_1_285' title='bbox 566 3925 611 3990; x_wconf 92' lang='lat'><strong>(=</strong></span> <span class='ocrx_word' id='word_1_286' title='bbox 630 3926 746 3992; x_wconf 84' lang='lat' dir='ltr'><strong>praeter)</strong></span> <span class='ocrx_word' id='word_1_287' title='bbox 770 3922 797 3977; x_wconf 90' lang='lat' dir='ltr'><strong><em>V</em></strong></span> <span class='ocrx_word' id='word_1_288' title='bbox 869 3925 903 3978; x_wconf 87' lang='lat'><strong>19</strong></span> <span class='ocrx_word' id='word_1_289' title='bbox 921 3923 1105 3988; x_wconf 81' lang='lat' dir='ltr'><strong>absconditio</strong></span> <span class='ocrx_word' id='word_1_290' title='bbox 1177 3939 1239 3976; x_wconf 91' lang='lat' dir='ltr'><strong>con-</strong></span> 
     </span>
     <span class='ocr_line' id='line_1_35' title="bbox 108 4008 1240 4075; baseline 0.001 -13"><span class='ocrx_word' id='word_1_291' title='bbox 108 4008 367 4063; x_wconf 86' lang='lat' dir='ltr'><strong>silinm..habitum</strong></span> <span class='ocrx_word' id='word_1_292' title='bbox 394 4009 425 4075; x_wconf 90' lang='lat' dir='ltr'><strong>V,</strong></span> <span class='ocrx_word' id='word_1_293' title='bbox 448 4026 515 4065; x_wconf 81' lang='lat' dir='ltr'><strong>corr.</strong></span> <span class='ocrx_word' id='word_1_294' title='bbox 542 4009 621 4065; x_wconf 83' lang='lat' dir='ltr'><strong>Tbe&#39;el</strong></span> <span class='ocrx_word' id='word_1_295' title='bbox 709 4012 747 4065; x_wconf 29' lang='lat'><strong>20⁴</strong></span> <span class='ocrx_word' id='word_1_296' title='bbox 766 4018 862 4066; x_wconf 85' lang='lat' dir='ltr'><strong>neure</strong></span> <span class='ocrx_word' id='word_1_297' title='bbox 951 4013 985 4066; x_wconf 78' lang='lat'><strong>24</strong></span> <span class='ocrx_word' id='word_1_298' title='bbox 1009 4013 1150 4067; x_wconf 88' lang='lat' dir='ltr'><strong>consulitis</strong></span> <span class='ocrx_word' id='word_1_299' title='bbox 1176 4009 1240 4064; x_wconf 79' lang='lat' dir='ltr'><strong>Gar.</strong></span> 
     </span>
     <span class='ocr_line' id='line_1_36' title="bbox 107 4095 1239 4240; baseline 0.003 -90"><span class='ocrx_word' id='word_1_300' title='bbox 107 4095 256 4240; x_wconf 39' lang='lat'><strong>&amp;³¹32</strong></span> <span class='ocrx_word' id='word_1_301' title='bbox 277 4097 308 4161; x_wconf 89' lang='lat' dir='ltr'><strong>V,</strong></span> <span class='ocrx_word' id='word_1_302' title='bbox 327 4099 444 4153; x_wconf 74' lang='lat' dir='ltr'><strong>mereat:</strong></span> <span class='ocrx_word' id='word_1_303' title='bbox 461 4100 552 4157; x_wconf 88' lang='lat' dir='ltr'><strong>iubete</strong></span> <span class='ocrx_word' id='word_1_304' title='bbox 571 4097 599 4150; x_wconf 86' lang='lat'><strong>0²</strong></span> <span class='ocrx_word' id='word_1_305' title='bbox 687 4101 721 4155; x_wconf 88' lang='grc'><strong>28</strong></span> <span class='ocrx_word' id='word_1_306' title='bbox 739 4100 839 4155; x_wconf 89' lang='lat' dir='ltr'><strong>iubetis</strong></span> <span class='ocrx_word' id='word_1_307' title='bbox 861 4101 941 4155; x_wconf 81' lang='lat' dir='ltr'><strong>Tbiel</strong></span> <span class='ocrx_word' id='word_1_308' title='bbox 1034 4102 1068 4155; x_wconf 82' lang='lat'><strong>29</strong></span> <span class='ocrx_word' id='word_1_309' title='bbox 1087 4099 1185 4155; x_wconf 82' lang='lat' dir='ltr'><strong>effectu</strong></span> <span class='ocrx_word' id='word_1_310' title='bbox 1208 4100 1239 4165; x_wconf 93' lang='lat' dir='ltr'><strong>V,</strong></span> 
     </span>
    </p>
   </div>
   <div class='ocr_carea' id='block_1_5' title="bbox 0 0 1436 4620">
    <p class='ocr_par' dir='ltr' id='par_1_5' title="bbox 0 0 1436 4620">
     <span class='ocr_line' id='line_1_37' title="bbox 0 0 1436 4620; baseline 0 3"><span class='ocrx_word' id='word_1_311' title='bbox 0 0 1436 4620; x_wconf 95' lang='lat' dir='ltr'><strong> </strong></span> 
     </span>
    </p>
   </div>
  </div>
 </body>
</html>
