2864 4620
508 260 592 332 spat.
612 261 699 318 ocrrr
718 265 730 317 r
751 294 784 302 -
803 263 903 320 ccnu
920 265 945 319 s.
1218 269 1286 333 663

670 457 777 543 (204.)

202 595 357 645 normann
379 600 548 646 nemaumo
571 589 719 647 aereooro
745 601 1124 650 cousrrrnrnonoarruno.
1187 583 1286 668 Opor-

159 687 265 752 tuerat
281 685 408 769 quidem
426 682 652 752 fraternitatem
670 692 757 753 tuam
777 688 876 753 diuini
895 689 1157 771 contemplatione
1175 690 1285 757 iudicii

161 795 254 874 atque
295 792 434 859 caritatis
476 796 600 858 nostrae
640 797 786 877 respectu
825 794 950 860 Heliam
1000 795 1150 862 Thomam
1193 800 1288 879 atque

133 897 375 964 sNicostratum
410 899 520 964 iratres
558 902 591 965 et
626 900 828 983 coepiscopos
869 904 1004 980 nostros,
1044 906 1213 986 postquam
1252 903 1285 984 in

162 1004 354 1076 consortium
382 1005 615 1072 communionis
633 1010 756 1071 nostrae
779 1007 964 1089 recepimus,
989 1007 1028 1072 ad
1051 1008 1158 1073 diuina
1179 1011 1286 1074 tecum

160 1111 310 1196 mysteria
339 1111 555 1178 incunctanter
585 1112 749 1178 admittere
782 1116 875 1194 atque
908 1113 947 1178 ad
980 1113 1128 1180 ecclesias
1155 1134 1239 1192 anas,
1268 1135 1286 1180 a

161 1217 275 1300 quibus
313 1235 367 1282 eos
404 1216 577 1284 discordiae
614 1238 698 1286 error
733 1219 915 1299 excluserat,
951 1239 1007 1302 pro
1042 1220 1129 1302 pacis
1160 1224 1285 1286 nostrae

158 1323 354 1407 plenitudine
385 1343 543 1403 reuocare,
576 1328 613 1390 ut
643 1325 758 1402 unitas,
788 1345 882 1407 quam
908 1329 981 1408 post
1007 1345 1157 1392 annorum
1182 1329 1286 1392 multa

122 1450 144 1491 ro
160 1428 317 1495 curricula
346 1448 410 1514 per·
432 1433 536 1496 totum
567 1432 673 1497 orbem
707 1432 774 1503 suis
809 1432 884 1497 deus
915 1433 1105 1503 restaurarit
1133 1432 1284 1510 ecclesiis,

159 1535 247 1600 nulla
276 1537 478 1603 uoluntatem
509 1541 686 1606 nostrarum
722 1538 873 1603 distantia
902 1538 1088 1604 laederetur.
1121 1537 1176 1602 sed
1213 1538 1329 1620 quia2

158 1660 225 1708 rem
247 1646 311 1710 tem
331 1646 453 1729 gratam
472 1646 504 1708 et
521 1647 646 1726 patrum
665 1643 793 1709 statutis
812 1644 1043 1709 uenerabilibus
1062 1646 1286 1728 congruentem

159 1751 349 1832 quibusdum
380 1750 582 1815 tarditatibus
619 1750 751 1835 contigit
786 1769 869 1815 nunc
904 1764 1005 1832 nsque
1041 1750 1166 1828 differri,
1202 1748 1286 1814 unde

158 1856 255 1921 etiam
268 1855 308 1921 ad
321 1855 518 1924 decessorem
531 1855 735 1922 iratemitatis
749 1860 823 1922 tuae
833 1875 890 1922 nos
900 1856 1065 1939 scripsisse
1074 1855 1285 1932 meminimus,

115 1981 141 2022 ra
158 1962 321 2028 hortamur
350 1966 388 2027 ut
416 1963 579 2041 laetitiam,
613 1980 705 2045 quam
735 1962 773 2027 de
802 1963 947 2027 damnata
972 1962 1140 2046 praeterita
1166 1961 1286 2027 dissen-

159 2068 248 2134 sione
278 2069 480 2152 percipimus,
512 2069 544 2134 in
571 2069 658 2134 nullo
685 2068 799 2134 itemm
832 2067 1076 2152 discrepantium
1113 2069 1286 2133 animorum

160 2193 256 2240 cansa
288 2176 461 2241 contristet.
495 2175 608 2240 etenim
640 2175 719 2240 nulli
750 2175 878 2240 uidetur
908 2192 967 2240 uos
998 2174 1162 2240 nobiscum
1194 2175 1285 2257 pleno

160 2281 390 2348 communicare
403 2282 518 2347 mentis
538 2281 662 2359 affectu,
682 2282 710 2346 si
728 2301 781 2348 eos
801 2282 856 2365 qui
872 2281 1037 2354 nobiscnm
1057 2279 1287 2345 communicant

160 2406 178 2451 a
201 2390 307 2453 uestro
332 2388 488 2454 consortio
512 2389 697 2474 segregetis.
719 2389 880 2453 incassum
905 2391 988 2452 certe
1010 2385 1158 2452 uidentur
1179 2404 1290 2469 pacem
1313 2397 1332 2457 3

113 2514 142 2554 so
160 2493 309 2577 recipere,
343 2494 396 2577 qui
431 2494 519 2578 pacis
557 2493 704 2559 diffemnt
738 2496 905 2577 praecepta
941 2493 1107 2576 complere.
1122 2531 1126 2538 ·
1144 2492 1292 2575 quiequid

160 2597 244 2665 enim
266 2598 297 2664 in
320 2599 447 2665 illorum
471 2600 672 2682 suscipienda
695 2599 913 2666 communione
935 2598 1111 2677 moramini,
1131 2598 1168 2662 de
1185 2601 1294 2663 nostra

160 2703 392 2786 quodammodo
424 2706 678 2773 reconciliatione
711 2705 874 2772 detrahitis
907 2710 939 2770 et
969 2704 1197 2788 prouidendum
1233 2708 1291 2782 est,

158 2811 257 2876 frater
278 2811 454 2891 karissime,
478 2831 516 2877 ne
539 2812 568 2878 si
591 2813 795 2879 ecclesiarum
818 2816 995 2878 nostrarum
1012 2811 1139 2876 tandem
1159 2809 1296 2892 desuper

158 2917 285 2983 indulta
308 2916 474 2983 concordia
497 2916 534 2981 ab
557 2917 608 2982 his
633 2917 793 2983 exordium
816 2920 922 2982 sumat
945 2916 1103 3000 exemplis,
1128 2919 1160 2980 et
1188 2914 1292 3000 religin

114 3045 140 3088 rs
160 3022 231 3089 onis
249 3023 424 3088 ueneranda
443 3023 553 3108 regula
572 3027 604 3089 et
622 3024 813 3106 apostolicae
832 3023 916 3089 sedis
931 3023 1102 3089 auotoritas
1115 3021 1294 3099 imminuta,

160 3128 247 3211 quod
270 3120 363 3207 absit,
387 3148 443 3211 per
466 3127 625 3194 Orientem
648 3129 754 3212 potius
779 3149 872 3212 quam
895 3129 1044 3195 restituta
1066 3127 1220 3194 uideatur.

198 3315 271 3372 coa·
320 3316 388 3371 Dat.
407 3334 435 3372 a.
457 3320 510 3376 521
522 3323 587 3387 post
605 3317 674 3372 diem
692 3321 733 3372 26
749 3317 838 3372 Mart.
909 3317 983 3372 Edd.
1005 3318 1067 3373 Gor.
1086 3316 1117 3372 1²
1136 3321 1204 3384 541,-
1221 3318 1295 3371 Bar.

160 3404 204 3460 ad
220 3421 247 3458 a.
269 3407 331 3470 520,
353 3408 406 3472 655
431 3404 538 3470 Gollcct
565 3405 909 3472 eoect.;BTA1444,·
934 3405 1012 3460 rtet
1036 3398 1119 3460 98ss
1191 3405 1292 3460 treci·

157 3494 249 3566 pimus
273 3492 304 3558 V,
323 3510 392 3549 corr.
411 3494 469 3549 cod.
487 3494 609 3565 Anpela‘c.
648 3496 680 3549 15
699 3493 825 3548 damnata
842 3495 988 3564 praeterita
1006 3494 1171 3549 dissensione
1183 3495 1296 3564 scripsi.-

159 3582 288 3637 damnato
306 3577 466 3653 praeteritae
479 3581 643 3638 dissensione
663 3582 692 3648 V,
708 3583 832 3636 damnato
846 3583 1006 3653 praeteritae
1022 3582 1192 3638 dissentionis
1207 3600 1293 3637 errore

162 3666 229 3726 Cor.
294 3671 326 3724 16
345 3671 420 3724 nulla
443 3670 559 3734 V,corr.
577 3673 648 3726 Bar.
713 3674 745 3727 17
764 3671 903 3727 uobiscum
926 3672 958 3735 V,
977 3687 1046 3727 corr.
1065 3669 1092 3723 o²
1152 3672 1185 3727 19
1203 3688 1293 3741 segre-

158 3759 235 3830 getis
253 3775 286 3813 ac
304 3760 454 3830 segregatis
473 3776 540 3815 corr.
564 3760 602 3814 V:
620 3761 769 3830 segregatis
787 3777 801 3810 o
869 3760 904 3814 20
923 3761 969 3830 qui
988 3759 1043 3814 leui
1059 3775 1162 3814 rasura
1180 3776 1213 3814 ea
1231 3760 1297 3830 qnia

157 3863 230 3903 corr.
253 3846 280 3902 V
