2864 4620
517 249 602 351 upra
622 280 817 336 ccxxxxmr
835 282 981 338 roo-104.
1245 287 1307 350 773

184 480 308 542 montes
339 476 371 540 in
405 475 540 540 conuelli
573 476 634 540 sita
666 479 724 552 est,
752 476 824 540 hinc
851 476 924 542 inde
950 478 1106 543 montium
1134 477 1307 543 obiectione

184 584 342 648 conclusa.
379 582 519 647 fecerunt
554 584 659 646 autem
697 581 892 661 Samaritani,
930 585 983 667 qui
1015 585 1045 648 in
1079 584 1207 649 ciuitate
1238 585 1308 666 ipsa
1331 583 1393 646 102

184 691 390 766 commanent,
420 688 535 772 gradus
562 688 593 751 in
620 691 725 752 monto
753 690 785 752 et
809 689 966 772 templum
990 689 1146 772 quoddam
1168 689 1306 754 inedito

184 796 432 871 construxerunt,
470 797 516 870 ut,
554 795 637 858 sicut
674 793 817 871 diximus,
856 812 981 858 sursum
1017 795 1048 859 in
1084 797 1188 860 moute
1221 815 1306 860 orare

145 925 162 964 e
183 902 358 978 uideantur,
383 919 475 982 quem
498 898 622 964 Garizin
646 900 708 981 ipsi
730 903 845 964 uocant
862 900 948 964 iuxta
967 901 1119 983 quandam
1139 901 1306 966 obliuionis

183 1007 345 1085 incuriam,
378 1026 438 1072 non
470 1006 556 1070 iuxta
586 1004 659 1070 fidei
688 1005 880 1088 rationisque
911 1007 1093 1086 ueritatem
1125 1026 1197 1071 nam
1227 1007 1307 1072 liber

183 1115 275 1179 aliter
301 1114 396 1179 habet
422 1112 582 1177 historiae.
611 1112 667 1177 sed
693 1111 727 1176 hi
753 1112 914 1190 falluntur,
939 1113 1047 1194 quiid
1070 1113 1153 1195 quod
1175 1116 1305 1179 estnon

184 1221 351 1305 diligenter
377 1219 565 1302 inspiciunt3
594 1218 725 1301 deniquo
752 1223 874 1284 montes
901 1220 956 1284 isti
984 1219 1059 1284 adeo
1091 1220 1243 1285 sublimes
1275 1222 1393 1292 et103

184 1327 333 1393 altissimi
347 1325 598 1408 comprobantur,
617 1328 654 1390 ut
672 1343 762 1389 uerno
782 1344 907 1390 sursum
924 1325 1104 1408 loquentem
1121 1324 1153 1390 in
1171 1326 1306 1391 conualli

130 1454 164 1493 ιο
182 1432 286 1517 possit
313 1431 430 1496 audire.
457 1430 613 1513 quomodo
642 1449 714 1515 ergo
742 1431 897 1513 principes
923 1430 1074 1510 tribuum,
1087 1429 1088 1434 ’
1103 1431 1157 1514 qui
1179 1450 1306 1497 sursum

183 1541 280 1616 erant,
309 1557 362 1603 seu
384 1536 525 1603 homines
549 1536 586 1601 de
609 1538 697 1600 tanta
719 1537 913 1601 sublimitate
935 1555 1046 1602 uocem
1069 1555 1158 1601 suam
1180 1537 1305 1618 populis

183 1645 322 1710 auditam
344 1645 445 1710 facere
467 1645 622 1726 poterant,
646 1645 683 1706 ut
705 1643 759 1725 qui
778 1643 924 1709 deorsum
942 1642 1067 1707 stabant
1083 1644 1306 1726 responderent

183 1753 315 1815 amen?
348 1768 441 1832 super
471 1748 558 1813 mille
585 1767 719 1831 namque
745 1766 859 1831 passus
887 1748 1002 1812 eminet
1028 1747 1161 1813 altitudo
1189 1749 1304 1814 montis

182 1859 238 1920 aut
265 1854 401 1938 amplius
429 1854 586 1937 habetque
613 1852 728 1938 gradus
755 1853 907 1935 plurimos
935 1857 975 1932 et,
999 1856 1035 1918 ut
1058 1853 1145 1919 aiunt
1167 1855 1303 1937 qnidam,

129 1982 162 2022 ιι
181 1961 267 2025 mille
292 1960 478 2044 quingentos
502 1963 533 2024 et
555 1978 659 2040 supra.
681 1979 737 2042 per
758 1960 817 2024 hoc
840 1959 946 2043 igitur,
971 1959 1054 2041 quod
1075 1960 1225 2042 possibile
1243 1980 1304 2026 non

181 2070 240 2145 est,
272 2069 310 2130 ut
340 2065 484 2130 audiatur
515 2065 662 2130 deorsum
692 2085 753 2131 uon
781 2084 898 2144 eorum,
927 2065 981 2148 qui
1008 2084 1134 2131 sursum
1162 2070 1244 2145 sunt,
1273 2071 1305 2132 et

181 2192 299 2251 eorum,
323 2173 377 2254 qui
401 2174 475 2236 sunt
498 2189 634 2248 sursum,
654 2170 809 2249 deorsum,
827 2171 971 2253 protinus
990 2173 1165 2255 arguuntur
1181 2175 1304 2238 montes

179 2279 234 2344 isti
253 2298 313 2343 uon
333 2297 411 2354 esse,
432 2297 511 2361 quos
531 2277 686 2359 scriptura
699 2276 806 2341 diuina
819 2276 984 2361 significat.
1000 2279 1069 2341 tum
1083 2279 1305 2360 consequentia
1327 2279 1390 2346 104

178 2385 252 2449 libri
286 2385 360 2449 Iesu
395 2384 485 2449 Naue
516 2384 708 2462 manifestat,
742 2382 863 2464 quaudo
895 2383 935 2447 ad
966 2383 1148 2448 orientalem
1178 2384 1302 2468 plagam

129 2511 160 2551 20
179 2490 326 2556 Hiericho
357 2490 434 2576 duos
462 2489 535 2555 illos
558 2492 680 2554 montes
704 2509 773 2554 esse
797 2492 1028 2569 commemorat,
1051 2488 1084 2555 id
1107 2493 1156 2554 est
1179 2489 1302 2555 Gariain

179 2601 212 2660 et
248 2595 364 2661 Gebal:
402 2595 561 2660 orientalis
598 2597 703 2659 autem
739 2595 833 2679 plaga
863 2595 1012 2661 Hiericho
1044 2595 1106 2661 sita
1137 2599 1186 2660 est
1215 2596 1303 2661 iuxta

179 2701 301 2786 Galgal‚
331 2704 384 2785 qui
412 2705 460 2767 est
485 2702 575 2767 loeus
606 2701 765 2786 Galgalae,
795 2700 911 2767 Sicima
937 2697 1011 2767 uero
1040 2701 1079 2767 ad
1104 2705 1226 2785 partem
1254 2706 1302 2767 est

178 2808 332 2891 aquilonis
355 2808 513 2885 Hiericho,
537 2808 568 2871 in
588 2806 780 2872 occidentem
797 2825 939 2892 uergens,
960 2807 1077 2873 distans
1097 2808 1135 2872 ab
1153 2809 1300 2873 Hiericho

177 2914 306 2979 milibus
321 2914 554 2997 quinquaginta.
576 2913 699 2978 duobus
723 2949 765 2980 a*

265 3101 520 3168 mmmmm

213 3225 375 3279 lconuallis
393 3225 433 3278 ita
455 3225 481 3278 V
531 3224 682 3294 3quodam
701 3226 785 3295 Fopq.
840 3223 914 3278 lhii
936 3223 963 3279 V
1028 3224 1196 3295 8aspiciunt
1217 3223 1299 3295 Fopp.

177 3315 207 3367 11
226 3315 286 3366 'erat
308 3313 339 3375 V,
358 3328 425 3367 corr.
444 3330 462 3362 α
479 3329 552 3367 moa.
571 3319 642 3381 poet.
685 3313 717 3368 16
731 3329 770 3380 aq.
789 3316 816 3366 et
835 3328 925 3366 eorum
944 3312 989 3382 qui
1011 3315 1074 3366 sunt
1092 3329 1194 3366 sursum
1212 3329 1263 3380 om,
1282 3333 1300 3366 a

175 3407 355 3470 transponens
373 3400 469 3454 deinde
487 3401 593 3454 lineolis
610 3400 787 3469 superpositis
799 3402 871 3478 inter
886 3416 915 3454 se
931 3400 1017 3455 uerba
1034 3417 1135 3454 sursum
1154 3403 1217 3454 sunt
1229 3417 1300 3470 quae

170 3488 1298 3558 pmmmmfflmmwfflmmwmw

175 3578 274 3631 domuit
289 3577 428 3646 cereptum
445 3576 548 3631 codicia
568 3577 594 3630 V
610 3578 659 3644 fol.
677 3581 743 3631 163Ι
753 3576 843 3632 medic
856 3577 916 3644 fere
933 3577 1060 3632 columae
1078 3577 1174 3632 altera
