2902 4628
432 297 517 367 Epist.
537 296 709 352 cumnis
730 298 742 351 1
762 328 795 337 -
816 296 958 352 ccxxxv
976 299 1002 355 e.
1219 303 1281 367 641

172 490 196 554 in
226 510 295 555 eum
331 490 482 556 hahentes
517 493 549 555 et
584 491 669 555 sicut
704 491 858 574 scriptum
899 494 965 556 est:
1007 489 1282 576 diligentibus

171 595 267 662 deum
300 598 429 662 omnia
461 600 735 678 cooperantur
765 597 803 661 in
834 598 989 663 bonum.
1017 617 1053 662 ea
1081 598 1173 675 enim,
1203 618 1282 681 quae

169 703 245 768 uobis
275 704 430 785 placeant,
464 703 547 767 sient
578 699 699 768 dictum
732 706 789 782 est,
823 703 938 768 sentire
971 720 1095 785 quoque
1127 705 1159 768 et
1190 723 1282 786 agere

168 809 290 887 nitimur,
324 807 534 872 sanctissime.
558 827 681 874 omnem
711 809 743 872 in
777 808 901 875 Christo
934 809 1169 887 fraternitatem,
1203 810 1329 892 quaed

144 927 228 980 tcum
255 920 365 981 uestra
396 917 446 979 est
477 914 654 992 sanctitate,
692 934 750 998 ego
787 934 911 997 quoque
948 918 979 980 et
1014 917 1077 980 mei
1111 917 1282 998 plurimum

166 1023 337 1088 salutamus.

663 1212 770 1297 (res.)

164 1354 319 1403 tudensem
350 1356 486 1401 uenum
511 1355 655 1401 sPlsccPI
687 1356 804 1402 semels
836 1357 876 1401 Er
907 1355 1052 1402 proadem
1082 1357 1282 1404 ducenorum

515 1462 554 1506 ΕΤ
577 1462 695 1508 BLANDI
716 1462 915 1506 Pressuram.

132 1583 150 1622 ¹⁰
196 1564 377 1632 &uerenda
412 1566 511 1631 uestri
548 1567 748 1649 apostolatus
783 1567 921 1649 alloquia
955 1585 1012 1648 per
1041 1566 1125 1632 filios
1156 1571 1282 1633 uestros

160 1668 284 1737 leonem
317 1674 411 1752 atque
442 1671 613 1756 Eulogium
646 1672 846 1738 desiderabili
876 1673 1034 1738 hilaritate
1072 1675 1279 1757 suscepimus.

161 1793 282 1857 quorum
306 1777 394 1860 prius
416 1781 627 1860 praeceptum,
653 1797 709 1842 cur
727 1797 805 1862 quac
823 1779 1063 1844 Thessalonicae
1082 1779 1283 1862 contigerunt

159 1898 209 1947 non
235 1884 479 1961 insinuauimus,
508 1884 669 1968 arguebat.
699 1884 754 1948 sed
780 1885 873 1968 longe
902 1887 977 1949 ante
1010 1884 1077 1949 eius
1110 1884 1281 1949 aduentum

159 1991 313 2054 occasione
341 1993 522 2073 comparata
549 1989 729 2054 curauimus
763 1989 947 2073 significare,
981 2009 1196 2073 quaecumque
1227 1992 1280 2055 uel

129 2111 272 2160 cremore
314 2095 506 2160 uenientium
547 2095 599 2159 uel
640 2115 757 2174 eorum,
804 2097 858 2178 qui
902 2098 1108 2179 pertulerunt,
1155 2097 1279 2180 scriptis

158 2197 296 2284 (quorum
321 2202 510 2283 exemplaria
532 2201 641 2265 subter
663 2201 875 2285 adiunximus)
897 2204 949 2267 uel
971 2191 1108 2284 piissimi
1130 2202 1278 2286 principis

157 2309 324 2372 narratione
352 2307 571 2389 comperimus.
600 2309 710 2372 secuta
737 2311 786 2372 est
812 2308 969 2372 uindictae
997 2307 1174 2391 promissio,
1202 2309 1278 2372 adeo
1303 2309 1323 2369 2

156 2417 187 2477 nt
202 2413 382 2479 Dorotheus
401 2412 689 2478 Thessalonicensis
708 2413 875 2496 episcopus
894 2413 933 2477 ad
950 2413 1128 2478 Heracliam
1147 2413 1278 2478 deduce·

155 2522 232 2584 retur
259 2519 434 2596 ciuitatem,
463 2518 561 2583 denec
590 2538 685 2583 causa
711 2519 880 2583 terminum
906 2519 1064 2601 reperiret.
1091 2519 1172 2584 inter
1202 2519 1278 2582 haec
1301 2519 1323 2582 3

124 2643 142 2680 a
156 2625 320 2690 secundnm
358 2643 404 2700 ea,
447 2643 526 2707 quae
566 2625 781 2707 praecepistis,
823 2625 1043 2689 auctoritatem
1084 2624 1277 2708 apostolatus

154 2832 319 2911 doctrinam
352 2835 526 2900 catholicae
557 2835 704 2917 puritatis
734 2835 866 2900 Romam
903 2835 1061 2917 praefatus
1098 2834 1276 2899 Dorotheus

154 2959 207 3004 una
230 2962 303 3006 cum
326 2942 467 3007 Aristide
489 2941 675 3005 mitteretur.
701 2941 755 3023 qui
777 2942 939 3023 respondit
961 2960 1087 3006 causam
1111 2960 1172 3005 non
1197 2959 1276 3017 esse,

154 3064 201 3125 pro
228 3068 290 3130 qua
316 3048 449 3112 Romam
478 3047 688 3128 dirigerentur
709 3045 865 3123 audiendi,
889 3046 944 3110 ubi
968 3049 1035 3111 sine
1059 3049 1276 3111 accusatorum

123 3154 357 3218 acontmuersia
385 3172 455 3218 sese
477 3155 607 3234 possent
628 3153 758 3218 liberius
783 3171 938 3217 excusare.
964 3154 1019 3218 scd
1041 3155 1178 3235 repente,
1202 3152 1276 3215 dum

156 3255 222 3323 haec
250 3263 410 3344 geruntur,
440 3260 479 3323 ab
506 3259 711 3336 Heracliensi,
741 3263 891 3342 quantum
920 3259 1118 3343 agnouimus,
1151 3258 1182 3321 in
1216 3276 1278 3338 qua

235 3519 343 3572 lRorn.
363 3517 388 3581 8,
408 3517 441 3571 28

188 3656 199 3708 1
217 3643 352 3728 augeam
373 3678 390 3710 α
441 3658 460 3711 4
477 3657 614 3710 narremur
632 3678 656 3717 α,
676 3673 742 3714 corr.
762 3679 776 3710 0

187 3744 250 3800 nst.
286 3747 353 3800 Dat.
372 3752 404 3799 ut
421 3762 460 3814 ep.
480 3749 546 3812 181,·
562 3747 705 3814 respondet
723 3746 854 3814 epistolae
873 3746 1026 3815 deperditae
1045 3745 1129 3799 datae
1147 3745 1181 3798 ab
1200 3745 1274 3803 Her-

160 3830 302 3898 misdceuh
320 3835 400 3901 finem
419 3823 445 3887 c.
467 3836 537 3910 519.Ι
601 3834 675 3888 Edd.
703 3834 765 3887 Gar.
789 3833 911 3901 1²530,·
933 3835 1002 3889 Bar.
1021 3835 1061 3887 ad
1082 3850 1107 3886 a.
1130 3835 1192 3895 519,
1212 3835 1276 3898 141,-

163 3914 256 3974 Gctleet.
278 3921 395 3988 concil,
416 3922 494 3976 Thiel
513 3924 574 3975 910.
612 3922 628 3975 8
643 3922 797 3992 suggestio]
816 3923 915 3990 decepit
930 3938 1027 3975 rursus
1043 3926 1121 3974 uetus
1138 3921 1275 3987 seraptura

161 4007 247 4062 eene
268 4009 294 4063 r
361 3996 425 4064 sni
444 4011 471 4064 V
521 4010 551 4063 11
571 4010 716 4079 hylaritate
735 4010 764 4064 e
815 4011 847 4064 ra
865 4010 1030 4079 thesalonica
1053 4008 1079 4062 V
1131 4011 1164 4063 ra
1183 4009 1273 4061 enesa-

161 4089 290 4151 lonicensis
312 4096 338 4150 V
398 4099 430 4152 19
444 4099 597 4173 repperiret
619 4099 645 4153 V
703 4100 737 4152 22
756 4113 891 4153 romanam
918 4099 944 4164 V,
963 4115 1031 4152 cerr.
1051 4097 1078 4168 92
1130 4097 1165 4151 23
1184 4095 1272 4149 aristi·

163 4177 328 4238 dimitteretur
351 4186 381 4250 V,
401 4202 469 4242 corr.
489 4205 503 4237 o
557 4187 593 4240 24
612 4187 788 4256 diligerentur
811 4186 841 4251 V,
861 4203 928 4241 corr.
949 4185 988 4256 p2:
1007 4186 1194 4255 delegarentur
1212 4181 1239 4234 ο2

1170 4289 1220 4342 41*
