2864 4620
439 302 526 373 upon.
545 302 706 358 ernamur
723 304 739 357 a
757 333 791 342 -
811 301 953 357 cxxxxv
971 303 996 357 a.
1217 306 1281 370 ese

156 496 404 566 consideratione
436 497 617 562 commoniti
649 517 688 562 ea
717 498 904 576 desiderant,
938 519 1016 582 quae
1049 498 1168 562 dudum
1195 498 1284 580 sequi

155 603 277 667 uellent
309 603 392 667 sedis
427 603 617 684 apostolicae
650 605 821 671 exhortatio
855 606 962 670 erebra
987 623 1048 669 non
1075 604 1186 668 defuit.
1253 597 1328 667 et4

156 709 304 791 quoniam
341 708 537 773 elementiam
571 713 710 774 uestram
746 711 779 775 id
817 725 939 793 cupere,
976 711 1048 775 illos
1081 710 1175 774 etiam
1208 709 1284 773 baec

128 806 130 810 ’
154 813 364 889 <di>dicimus
378 815 548 898 postulare,
565 834 644 898 quae
658 835 707 881 res
722 817 873 882 hactenns
888 816 1088 882 ecclesiarum
1103 834 1212 898 pacem
1226 815 1284 879 sub

126 941 139 984 a
157 921 329 987 intentiosa
355 921 564 986 obstinatione
588 922 741 1000 diuiserit,
764 943 821 988 uec
843 923 969 1007 pietatis
993 932 1116 988 uestrae
1138 941 1195 987 nee
1216 921 1285 985 illo·

156 1035 228 1090 rum
253 1025 372 1109 refugit
398 1029 489 1092 uelut
514 1027 626 1092 latenti
654 1047 748 1093 causa
774 1029 928 1094 notitiam.
957 1027 1032 1110 quid
1058 1026 1157 1111 igitur
1183 1026 1283 1090 facere
1308 1021 1329 1084 5

158 1132 293 1197 debeant
324 1136 357 1197 et
386 1133 503 1198 litteris
534 1134 650 1198 nostris
683 1137 715 1199 et
741 1135 852 1213 libelli,
881 1153 973 1218 quem
1002 1133 1179 1209 direximus,
1208 1131 1286 1196 serie

159 1234 347 1305 continetur.
375 1240 451 1304 haec
479 1241 507 1305 si
535 1240 593 1305 deo
616 1242 723 1306 nostro
747 1245 778 1306 et
801 1242 968 1305 elementia
990 1241 1096 1305 uestra
1118 1223 1286 1302 adiuuante

159 1343 339 1426 suscipiunt
365 1348 398 1408 et
420 1349 605 1428 sequuntur,
628 1347 746 1429 poterit
768 1346 807 1410 ad
830 1366 908 1423 eam,
934 1365 1026 1428 quarn
1048 1345 1183 1410 marimo
1207 1342 1287 1407 desi·

118 1471 142 1510 ιο
160 1448 304 1514 daremus
324 1450 441 1529 ardore,
460 1451 616 1533 perueniri
635 1452 841 1518 concordiam.
905 1453 988 1517 tilius
1006 1455 1165 1534 praeterea
1182 1451 1289 1514 noster
1311 1447 1332 1509 b

160 1574 192 1619 u.
220 1575 245 1620 s.
272 1547 387 1621 Gratus
416 1558 497 1622 sacri
524 1558 702 1623 consistorii
730 1577 835 1628 comes
863 1560 895 1622 et
922 1559 1072 1643 magister
1098 1556 1203 1621 scrinii
1225 1574 1287 1619 me-

159 1661 288 1737 moriae,
318 1663 456 1729 ostendit
482 1664 514 1727 in
543 1683 576 1728 sa
603 1666 744 1728 uestrum
772 1665 970 1748 allegationis
1003 1683 1077 1729 snae
1107 1662 1287 1727 maturitate

159 1767 330 1843 iudicium,
364 1769 454 1833 cuius
486 1789 573 1835 mora
604 1770 748 1834 sensibus
781 1771 896 1836 uestris
928 1789 964 1837 eo
996 1770 1147 1835 referente
1174 1767 1288 1832 melius

161 1877 329 1939 asseretur.

119 2105 144 2146 a
673 2066 779 2150 (145.)

204 2205 360 2251 nonurson
381 2208 515 2253 rounnur
532 2207 680 2254 narseoao
702 2208 1079 2254 cousrnurruoeomrnuo.
1143 2188 1309 2273 Spiritale‘

162 2293 312 2378 gaudium
340 2295 466 2360 directis
490 2295 604 2361 caritas
627 2299 683 2360 tua
706 2296 897 2380 significauit
919 2295 1065 2359 affatibus
1089 2295 1230 2373 diceudo,
1253 2296 1291 2357 ut

163 2399 336 2466 catholicae
358 2401 519 2485 religionis
544 2401 710 2483 disciplina
732 2401 872 2466 ordinem
895 2420 988 2465 suum
1011 2401 1125 2466 uestris
1147 2401 1289 2484 partibus

163 2504 219 2571 deo
243 2509 349 2572 nostro
372 2507 501 2572 iuuante
524 2508 686 2590 receperit.
710 2509 786 2571 haee
805 2525 875 2572 esse
893 2507 1044 2573 beneficia
1060 2507 1290 2572 misericordiae
1314 2506 1335 2568 2

123 2637 147 2676 ao
163 2629 313 2693 supernae
346 2614 415 2696 qnia
448 2612 594 2678 dubitet?
626 2614 703 2678 haec
739 2613 928 2679 uenerabilis
965 2613 1115 2696 principis
1151 2612 1290 2695 tropheis

162 2717 290 2802 adiungi
318 2719 389 2801 quis
417 2719 581 2803 ambigat?
609 2720 683 2802 quia
709 2720 808 2785 maior
835 2720 863 2784 ei
891 2719 929 2784 de
957 2720 1014 2785 hac
1036 2738 1113 2801 pace
1136 2739 1230 2802 quam
1254 2719 1291 2782 de
1321 2802 1324 2807 ἢ

163 2824 358 2906 quibuslibet
378 2825 507 2908 proeliis
531 2825 709 2908 triumphus
733 2826 913 2907 acquiritur.
935 2825 1030 2890 iatius
1053 2825 1170 2891 laboris
1193 2825 1293 2908 gloria

163 2930 265 2994 nascit
286 2949 443 3008 oceasum,
468 2931 541 3014 quia
562 2931 618 2996 ubi
641 2931 717 2996 deus
741 2934 824 2996 recte
848 2930 971 3008 colitur,
995 2950 1167 3013 numquam
1185 2930 1292 2994 aduer-

163 3035 316 3101 sariomm
354 3037 468 3102 crescit
504 3037 665 3120 iniquitas.
733 3037 909 3102 dilectionis
949 3039 1022 3101 tuae
1064 3036 1338 3101 confessionem3

124 3162 147 3205 as
165 3143 324 3224 gratanter
347 3142 537 3225 accepimus,
562 3162 617 3226 per·
641 3161 734 3226 quam
758 3149 884 3208 sanctae
908 3142 1019 3226 synodi
1042 3142 1292 3225 comprobantur,

199 3322 447 3385 ldudum<ut>o²
517 3325 682 3378 2exortatio
705 3325 732 3378 V
800 3326 902 3379 3haee
924 3324 961 3378 V:
982 3325 1118 3393 forthae
1188 3323 1291 3390 idici-

162 3427 221 3465 mus
244 3411 275 3475 V,
293 3427 361 3466 corr.
382 3410 409 3482 ρ2
496 3414 512 3467 6
530 3413 612 3466 refuit
635 3412 666 3476 V,
685 3429 754 3469 corr.
775 3410 802 3483 ρ2
907 3413 951 3466 uel
969 3416 1001 3465 ut
1023 3412 1054 3474 V,
1073 3412 1218 3481 conteruit
1235 3412 1293 3466 cod.

163 3499 284 3568 Aregelia.

197 3587 264 3643 145.
334 3588 402 3642 Dat.
421 3587 515 3658 (cimel
532 3604 591 3642 cam
609 3605 649 3657 ep.
670 3593 736 3655 144)
756 3606 783 3644 a.
804 3592 858 3643 519
873 3589 955 3643 initio
973 3588 1072 3643 menam
1090 3587 1229 3650 ianuarii,
1242 3585 1295 3655 pe'r

165 3674 296 3740 Gratum
318 3677 462 3745 respondet
483 3677 617 3745 epistulae
634 3681 697 3731 146.
786 3679 860 3733 Ede.
882 3679 945 3733 Car.
968 3676 1000 3732 1²
1023 3680 1095 3746 480,·
1117 3677 1187 3731 Bar.
1211 3676 1250 3729 od
1267 3692 1293 3728 a.

166 3766 228 3828 518,
264 3768 317 3831 79,·
348 3765 457 3821 Collect.
488 3765 608 3833 Ueneti,
634 3766 715 3820 BTA
742 3766 764 3819 I
790 3770 861 3833 410;
891 3766 970 3820 Totae
997 3769 1064 3820 836.
1187 3762 1218 3834 li
1247 3762 1295 3816 do-

164 3851 247 3906 cendo
264 3853 334 3907 Bar.
406 3853 563 3922 dissciplina
585 3854 612 3907 V
654 3853 687 3908 18
706 3854 827 3925 partibus
849 3854 955 3908 Cenat:
974 3853 1169 3924 pastoribusV
1215 3850 1294 3905 19'do

165 3943 229 4009 (pro
247 3940 294 4011 do)
313 3941 340 3995 V
421 3942 565 4012 reciperint
583 3942 614 4006 V,
634 3959 701 3997 corr.
720 3942 790 3997 Bar.
862 3943 896 3997 20
916 3943 975 4011 quis
994 3941 1102 3996 dubitet
1119 3942 1186 3995 haec
1205 3940 1246 3994 bis
1264 3939 1290 3993 V

165 4028 379 4100 dittogropbe'am
397 4029 481 4099 dete
548 4029 582 4084 22
601 4030 752 4100 triumphos
771 4030 823 4085 hac
841 4030 957 4099 quiritur
979 4029 1010 4097 V,
1029 4045 1131 4084 coemo
1197 4029 1232 4082 23
1251 4044 1296 4081 οο·

165 4133 226 4171 casu
249 4117 280 4184 V,
300 4133 401 4172 corae
473 4118 508 4171 24
526 4118 607 4172 erasit
629 4117 655 4171 V
724 4118 890 4172 confessione
912 4117 943 4181 V,
962 4133 1064 4174 cerac
1136 4119 1170 4173 25
1189 4133 1242 4186 qua
1265 4116 1291 4170 V

165 4219 265 4260 corae
336 4205 451 4274 synodus
476 4205 506 4271 V,
526 4222 593 4260 corr.
614 4204 641 4275 ⁹²
