2864 4620
359 312 446 384 rupae.
465 312 644 388 crxrxrvr
661 317 677 369 s
696 311 730 354 -’
750 284 957 371 ccxxxxvnr
975 317 998 370 1.
1177 319 1240 384 657

335 649 494 696 smnio!
515 651 684 697 Erlsreuss
709 650 835 697 GELERIS
857 640 1021 697 mensurus.
1052 657 1058 665 ⁴

160 772 275 819 corruo
304 742 486 819 nnsrrssmo
518 774 558 818 nr
589 773 779 821 snosrenrco
811 760 915 820 rrum*
935 773 1040 819 sarno
1067 775 1241 821 normsnrn

114 879 225 925 carne.
278 859 416 924 Maxima
433 860 523 926 nobis
543 860 763 946 gratulationis
783 880 877 927 causa
893 864 1080 944 praestatur,
1099 861 1241 943 quotiens

74 964 156 1030 ead
188 967 399 1048 apostolatum
431 970 573 1032 uestrum
606 965 762 1033 scribendi
791 970 917 1051 tempus
954 968 1124 1033 emerserit.
1160 987 1242 1034 nuuc
1256 975 1285 1036 ‘2

111 1070 213 1155 igitur
222 1074 378 1137 remeante
387 1071 570 1138 beatissime
588 1071 742 1138 Germano
756 1073 902 1157 episcopo
915 1074 969 1139 uel
981 1073 1242 1139 reuerentissimis

112 1177 203 1257 uiris,
233 1177 287 1259 qui
314 1197 332 1242 a
359 1177 451 1243 nobis
478 1198 533 1262 pre
561 1179 785 1262 coniungendis
813 1180 930 1245 sanetis
953 1179 1094 1246 ecclesiis
1115 1180 1244 1245 fuerunt

114 1283 274 1362 destinati,
305 1283 517 1348 necessarium
550 1283 696 1349 duximus
727 1285 926 1350 sanctitatem
964 1289 1100 1351 uestram
1138 1286 1242 1351 debite

103 1389 266 1469 'euenerari
293 1389 467 1455 indicantes
495 1392 566 1454 ante
590 1390 690 1456 dictes
712 1391 861 1468 habuisse
883 1390 1009 1474 quidem
1032 1391 1182 1471 studium,
1205 1396 1243 1457 ut

66 1519 93 1557 ιο
114 1482 312 1560 uoluntatem
347 1498 488 1561 uestram
523 1498 636 1580 plenus
674 1499 858 1579 sequeretur
894 1497 1042 1575 effeetus3
1077 1498 1133 1563 sed
1168 1497 1242 1582 quia

115 1601 220 1666 totum
257 1620 370 1684 corpus
407 1604 473 1666 erat
511 1600 681 1678 infirmnm,
722 1603 847 1667 interim
888 1606 991 1686 eaput,
1032 1603 1115 1687 qued
1153 1602 1245 1687 prius

114 1707 325 1772 necessarium
356 1707 523 1786 iudicatur,
557 1709 697 1775 adhibito
727 1708 932 1774 medicamine
963 1711 1069 1774 uestro
1097 1711 1240 1774 sanatum

116 1814 165 1876 est
183 1814 215 1876 et
234 1812 398 1890 dissensio,
418 1832 497 1895 quae
516 1815 583 1878 erat
599 1812 681 1876 inter
698 1813 892 1878 uenerabiles
906 1813 1056 1878 ecclesias
1068 1813 1240 1879 Romanam

117 1920 148 1982 et
176 1917 563 2001 Constantinopolitanam‚
591 1920 711 1984 unitate
736 1920 960 1985 interueniente
988 1920 1113 2003 sepulta
1137 1920 1241 1986 estet

68 2047 95 2085 ra
117 2023 177 2088 alia
191 2024 264 2089 'non
290 2043 388 2108 parua
409 2025 550 2090 membra
572 2025 669 2091 simili
692 2027 766 2089 sunt
788 2025 963 2090 diuinitatis
986 2025 1087 2114 gratia
1107 2029 1241 2110 purgata

115 2133 209 2213 atque
241 2129 416 2195 coniuncta.
447 2131 526 2196 hane
560 2131 655 2196 etiem
687 2151 775 2214 spem
807 2131 945 2216 gerimus
975 2132 1124 2210 uniuersi,
1157 2132 1282 2212 quod3

116 2236 217 2319 gratia
255 2236 315 2313 dei,
353 2255 432 2320 quae
469 2255 593 2320 semper
628 2237 697 2302 sedi
732 2240 855 2302 uestrae
889 2237 1063 2319 permansit
1101 2240 1134 2300 et
1172 2256 1239 2318 per-

114 2345 229 2418 manet,
256 2342 439 2409 huiusmodi
466 2344 557 2409 uobis
584 2343 819 2425 inspirationem
846 2344 995 2408 bonitatis
1021 2343 1178 2426 praebeat,
1201 2346 1239 2407 ut

115 2448 353 2513 mansuetudine
376 2450 409 2513 et
431 2448 661 2532 dispensatione
683 2452 790 2514 uestra
811 2449 967 2531 reliquum
991 2449 1094 2514 adhue
1114 2466 1238 2530 eorpus,

66 2575 94 2615 se
114 2553 198 2637 quod
224 2555 356 2619 habetur
381 2554 549 2632 infirmum,
578 2556 662 2621 sicut
689 2555 833 2639 superius
861 2575 880 2619 a
905 2555 995 2623 nobis
1027 2555 1146 2619 dictum
1179 2558 1237 2632 est,

112 2662 218 2725 uestro
242 2661 447 2725 medicamine
469 2661 589 2726 unitate
611 2664 736 2742 recepta
756 2661 914 2745 iungatur.
933 2661 1117 2743 specialiter
1133 2662 1238 2736 autem
1261 2660 1282 2723 4

114 2764 319 2858 deprecamur
339 2766 535 2849 pontificium
558 2769 710 2844 uestrum,
733 2769 771 2830 ut
791 2784 847 2848 pro
870 2766 961 2831 nobis
982 2765 1124 2854 benigno
1139 2766 1237 2848 patris

114 2870 217 2935 animo
241 2890 327 2936 orare
348 2871 493 2937 iubentis.

64 3211 94 3252 ²8
333 3206 490 3251 umnec!
512 3205 681 3252 semrom
704 3205 855 3251 mmm
878 3205 1021 3252 moult.

156 3327 272 3374 norrun
303 3327 484 3375 rusnrssrro
516 3327 619 3385 sacua
651 3328 863 3375 mosrourcrn
896 3327 982 3375 sums
1017 3326 1235 3383 raossrrssnre

110 3412 271 3480 rourmrcr
302 3435 476 3482 saansaan
511 3435 617 3482 rursu
652 3435 749 3480 rrum
782 3434 914 3480 rueram
949 3433 1073 3479 errori.
1151 3414 1236 3494 Quae

110 3520 213 3604 prima
239 3522 323 3609 sunt,
350 3525 423 3587 tuae
453 3522 642 3587 beatitudini
673 3522 871 3605 salutationis
904 3520 1090 3604 obsequium
1113 3513 1235 3603 ¹persol-

110 3625 229 3704 uimus‚
258 3629 399 3710 optantes
426 3630 464 3692 nt
489 3628 569 3696 hane
596 3628 741 3712 paginam
768 3627 833 3692 tuis
860 3625 1044 3706 uenerandis
1072 3625 1236 3708 optutibus

58 3759 89 3800 ao
110 3723 262 3798 diuinitas
289 3733 384 3798 faciat
409 3733 564 3799 recenseri
590 3737 623 3798 et
648 3752 703 3828 pre
732 3752 807 3798 suae
839 3732 989 3807 eeclesiae
1020 3732 1129 3815 uigore
1162 3750 1236 3815 aug-

146 3939 215 3995 197.
265 3937 334 3993 Dat.
350 3944 386 3993 est.
401 3955 440 4008 cp.
459 3941 522 3993 192.
575 3938 649 3994 Edu.
671 3938 734 3993 Ocr.
752 3936 784 3992 1²
804 3938 1003 4007 5355001ucs.
1025 3937 1136 4006 Οοηοίῑς
1157 3939 1236 3993 Tniet

109 4029 173 4081 919.
245 4028 275 4082 11
297 4027 383 4098 capud
405 4027 431 4081 V
491 4029 524 4082 15
543 4027 624 4081 simili
643 4035 656 4081 s
678 4026 715 4080 V:
733 4027 828 4082 similis
845 4047 869 4090 ο,
888 4027 970 4081 simili
987 4025 1066 4091 Tuus

145 4115 210 4170 198.
296 4116 364 4173 Dat.
386 4120 419 4169 est
441 4118 565 4185 ep.192.
652 4115 726 4172 an.
752 4116 816 4171 Gor.
838 4115 870 4172 1²
890 4119 964 4182 536;
991 4114 1097 4170 Collect.
1119 4114 1252 4182 Gemoll-f,
1312 4146 1314 4149 ·

109 4202 190 4261 Ths‘cl
209 4206 273 4258 920.

1131 4308 1180 4361 42*
