<?xml version="1.0" encoding="UTF-8"?>
<!DOCTYPE html PUBLIC "-//W3C//DTD XHTML 1.0 Transitional//EN"
    "http://www.w3.org/TR/xhtml1/DTD/xhtml1-transitional.dtd">
<html xmlns="http://www.w3.org/1999/xhtml" xml:lang="en" lang="en">
 <head>
  <title>
</title>
<meta http-equiv="Content-Type" content="text/html;charset=utf-8" />
  <meta name='ocr-system' content='tesseract 3.04.00' />
  <meta name='ocr-capabilities' content='ocr_page ocr_carea ocr_par ocr_line ocrx_word'/>
</head>
<body>
  <div class='ocr_page' id='page_1' title='image "./epistulaeimpera00gngoog_0304.png"; bbox 0 0 2864 4620; ppageno 0'>
   <div class='ocr_carea' id='block_1_1' title="bbox 606 322 1238 391">
    <p class='ocr_par' dir='ltr' id='par_1_1' title="bbox 606 322 1238 391">
     <span class='ocr_line' id='line_1_1' title="bbox 606 322 1238 391; baseline 0 -16"><span class='ocrx_word' id='word_1_1' title='bbox 606 322 620 375; x_wconf 91' lang='lat'>1</span> <span class='ocrx_word' id='word_1_2' title='bbox 639 323 750 377; x_wconf 80' lang='lat' dir='ltr'>er-m.</span> <span class='ocrx_word' id='word_1_3' title='bbox 1177 326 1238 391; x_wconf 80' lang='lat'>787</span> 
     </span>
    </p>
   </div>
   <div class='ocr_carea' id='block_1_2' title="bbox 23 516 1304 3353">
    <p class='ocr_par' dir='ltr' id='par_1_2' title="bbox 23 516 1304 3353">
     <span class='ocr_line' id='line_1_2' title="bbox 112 516 1241 602; baseline 0 -19"><span class='ocrx_word' id='word_1_4' title='bbox 112 519 334 583; x_wconf 78' lang='lat' dir='ltr'>incunctanter</span> <span class='ocrx_word' id='word_1_5' title='bbox 351 517 532 583; x_wconf 83' lang='lat' dir='ltr'>antist&#39;tes?</span> <span class='ocrx_word' id='word_1_6' title='bbox 550 516 601 582; x_wconf 92' lang='lat' dir='ltr'>his</span> <span class='ocrx_word' id='word_1_7' title='bbox 625 516 770 581; x_wconf 90' lang='lat' dir='ltr'>omnibus</span> <span class='ocrx_word' id='word_1_8' title='bbox 794 535 864 580; x_wconf 93' lang='lat' dir='ltr'>cum</span> <span class='ocrx_word' id='word_1_9' title='bbox 889 535 948 580; x_wconf 93' lang='lat' dir='ltr'>non</span> <span class='ocrx_word' id='word_1_10' title='bbox 981 516 1099 582; x_wconf 75' lang='lat' dir='ltr'><strong>restitit</strong></span> <span class='ocrx_word' id='word_1_11' title='bbox 1130 535 1241 602; x_wconf 88' lang='lat' dir='ltr'>sugge-</span> 
     </span>
     <span class='ocr_line' id='line_1_3' title="bbox 113 621 1291 707; baseline -0.002 -19"><span class='ocrx_word' id='word_1_12' title='bbox 113 625 220 694; x_wconf 79' lang='lat' dir='ltr'>stione</span> <span class='ocrx_word' id='word_1_13' title='bbox 248 643 310 707; x_wconf 89' lang='lat' dir='ltr'>qua</span> <span class='ocrx_word' id='word_1_14' title='bbox 336 624 449 704; x_wconf 80' lang='lat' dir='ltr'>potuit,</span> <span class='ocrx_word' id='word_1_15' title='bbox 480 623 640 687; x_wconf 87' lang='lat' dir='ltr'>consensit</span> <span class='ocrx_word' id='word_1_16' title='bbox 670 621 804 685; x_wconf 87' lang='lat' dir='ltr'>Aeacius</span> <span class='ocrx_word' id='word_1_17' title='bbox 829 621 1084 687; x_wconf 88' lang='lat' dir='ltr'>communicando</span> <span class='ocrx_word' id='word_1_18' title='bbox 1109 623 1240 700; x_wconf 85' lang='lat' dir='ltr'>cunctis,</span> <span class='ocrx_word' id='word_1_19' title='bbox 1250 621 1291 686; x_wconf 82' lang='lat'>40</span> 
     </span>
     <span class='ocr_line' id='line_1_4' title="bbox 114 727 1240 813; baseline 0 -20"><span class='ocrx_word' id='word_1_20' title='bbox 114 729 174 813; x_wconf 90' lang='lat' dir='ltr'>qui</span> <span class='ocrx_word' id='word_1_21' title='bbox 192 730 223 793; x_wconf 94' lang='lat' dir='ltr'>in</span> <span class='ocrx_word' id='word_1_22' title='bbox 240 728 463 794; x_wconf 87' lang='lat' dir='ltr'>catholicorum</span> <span class='ocrx_word' id='word_1_23' title='bbox 477 729 583 792; x_wconf 93' lang='lat' dir='ltr'>locum</span> <span class='ocrx_word' id='word_1_24' title='bbox 598 728 746 792; x_wconf 85' lang='lat' dir='ltr'>haeretici</span> <span class='ocrx_word' id='word_1_25' title='bbox 759 727 882 792; x_wconf 80' lang='lat' dir='ltr'>fueraut</span> <span class='ocrx_word' id='word_1_26' title='bbox 896 728 1066 812; x_wconf 85' lang='lat' dir='ltr'>subrogati.</span> <span class='ocrx_word' id='word_1_27' title='bbox 1081 729 1240 811; x_wconf 87' lang='lat' dir='ltr'>apostolus</span> 
     </span>
     <span class='ocr_line' id='line_1_5' title="bbox 114 833 1242 915; baseline -0.004 -13"><span class='ocrx_word' id='word_1_28' title='bbox 114 838 224 902; x_wconf 86' lang='lat' dir='ltr'>autem</span> <span class='ocrx_word' id='word_1_29' title='bbox 253 833 330 899; x_wconf 87' lang='lat' dir='ltr'>dicit</span> <span class='ocrx_word' id='word_1_30' title='bbox 356 853 417 898; x_wconf 91' lang='lat' dir='ltr'>non</span> <span class='ocrx_word' id='word_1_31' title='bbox 446 835 549 898; x_wconf 90' lang='lat' dir='ltr'>solnm</span> <span class='ocrx_word' id='word_1_32' title='bbox 578 833 631 915; x_wconf 91' lang='lat' dir='ltr'>qui</span> <span class='ocrx_word' id='word_1_33' title='bbox 657 833 779 897; x_wconf 84' lang='lat' dir='ltr'>faciunt</span> <span class='ocrx_word' id='word_1_34' title='bbox 806 833 861 898; x_wconf 89' lang='lat' dir='ltr'>sed</span> <span class='ocrx_word' id='word_1_35' title='bbox 892 835 924 898; x_wconf 93' lang='lat' dir='ltr'>et</span> <span class='ocrx_word' id='word_1_36' title='bbox 955 834 1010 915; x_wconf 92' lang='lat' dir='ltr'>qui</span> <span class='ocrx_word' id='word_1_37' title='bbox 1042 834 1242 900; x_wconf 84' lang='lat' dir='ltr'>consentiunt</span> 
     </span>
     <span class='ocr_line' id='line_1_6' title="bbox 74 938 1241 1008; baseline 0.002 -6"><span class='ocrx_word' id='word_1_38' title='bbox 74 940 305 1008; x_wconf 82' lang='lat' dir='ltr'>sfaoientibus</span> <span class='ocrx_word' id='word_1_39' title='bbox 328 958 397 1006; x_wconf 91' lang='lat' dir='ltr'>reos</span> <span class='ocrx_word' id='word_1_40' title='bbox 421 939 634 1002; x_wconf 77' lang='lat' dir='ltr'>indubitanter</span> <span class='ocrx_word' id='word_1_41' title='bbox 656 938 801 1002; x_wconf 82' lang='lat' dir='ltr'>adscribi.</span> <span class='ocrx_word' id='word_1_42' title='bbox 825 957 862 1002; x_wconf 93' lang='lat' dir='ltr'>an</span> <span class='ocrx_word' id='word_1_43' title='bbox 885 939 962 1004; x_wconf 84' lang='lat' dir='ltr'>baec</span> <span class='ocrx_word' id='word_1_44' title='bbox 974 939 1072 1008; x_wconf 91' lang='lat' dir='ltr'>licuit</span> <span class='ocrx_word' id='word_1_45' title='bbox 1089 940 1241 1005; x_wconf 86' lang='lat' dir='ltr'>saeculari</span> 
     </span>
     <span class='ocr_line' id='line_1_7' title="bbox 23 1045 1241 1130; baseline -0.001 -19"><span class='ocrx_word' id='word_1_46' title='bbox 23 1077 29 1090; x_wconf 80' lang='lat'>=</span> <span class='ocrx_word' id='word_1_47' title='bbox 111 1047 267 1130; x_wconf 83' lang='lat' dir='ltr'>potestati</span> <span class='ocrx_word' id='word_1_48' title='bbox 299 1049 331 1110; x_wconf 92' lang='lat' dir='ltr'>et</span> <span class='ocrx_word' id='word_1_49' title='bbox 362 1046 440 1109; x_wconf 88' lang='lat' dir='ltr'>actis</span> <span class='ocrx_word' id='word_1_50' title='bbox 477 1045 593 1109; x_wconf 86' lang='lat' dir='ltr'>talibus</span> <span class='ocrx_word' id='word_1_51' title='bbox 625 1045 740 1109; x_wconf 83' lang='lat' dir='ltr'>Aceoio</span> <span class='ocrx_word' id='word_1_52' title='bbox 778 1046 984 1110; x_wconf 83' lang='lat' dir='ltr'>consentienti</span> <span class='ocrx_word' id='word_1_53' title='bbox 1022 1046 1140 1128; x_wconf 87' lang='lat' dir='ltr'>absque</span> <span class='ocrx_word' id='word_1_54' title='bbox 1176 1046 1241 1110; x_wconf 89' lang='lat' dir='ltr'>ulla</span> 
     </span>
     <span class='ocr_line' id='line_1_8' title="bbox 113 1150 1239 1235; baseline -0.003 -17"><span class='ocrx_word' id='word_1_55' title='bbox 113 1152 245 1235; x_wconf 84' lang='lat' dir='ltr'>synodo,</span> <span class='ocrx_word' id='word_1_56' title='bbox 283 1171 375 1233; x_wconf 89' lang='lat' dir='ltr'>quam</span> <span class='ocrx_word' id='word_1_57' title='bbox 412 1151 482 1233; x_wconf 91' lang='lat' dir='ltr'>ipsa</span> <span class='ocrx_word' id='word_1_58' title='bbox 518 1170 621 1214; x_wconf 89' lang='lat' dir='ltr'>rerum</span> <span class='ocrx_word' id='word_1_59' title='bbox 658 1150 782 1215; x_wconf 84' lang='lat' dir='ltr'>nouitas</span> <span class='ocrx_word' id='word_1_60' title='bbox 822 1151 973 1234; x_wconf 81' lang='lat' dir='ltr'>erigebat,</span> <span class='ocrx_word' id='word_1_61' title='bbox 1007 1152 1124 1233; x_wconf 88' lang='lat' dir='ltr'>absque</span> <span class='ocrx_word' id='word_1_62' title='bbox 1157 1151 1239 1216; x_wconf 90' lang='lat' dir='ltr'>sedis</span> 
     </span>
     <span class='ocr_line' id='line_1_9' title="bbox 113 1257 1240 1340; baseline -0.001 -17"><span class='ocrx_word' id='word_1_63' title='bbox 113 1259 306 1340; x_wconf 88' lang='lat' dir='ltr'>apostolicae</span> <span class='ocrx_word' id='word_1_64' title='bbox 339 1257 566 1323; x_wconf 89' lang='lat' dir='ltr'>consultatione</span> <span class='ocrx_word' id='word_1_65' title='bbox 597 1257 743 1340; x_wconf 87' lang='lat' dir='ltr'>perficere</span> <span class='ocrx_word' id='word_1_66' title='bbox 783 1259 815 1321; x_wconf 91' lang='lat' dir='ltr'>et</span> <span class='ocrx_word' id='word_1_67' title='bbox 852 1258 919 1322; x_wconf 91' lang='lat' dir='ltr'>sedi</span> <span class='ocrx_word' id='word_1_68' title='bbox 954 1257 1145 1339; x_wconf 83' lang='lat' dir='ltr'>apostolicae</span> <span class='ocrx_word' id='word_1_69' title='bbox 1181 1277 1240 1324; x_wconf 91' lang='lat' dir='ltr'>non</span> 
     </span>
     <span class='ocr_line' id='line_1_10' title="bbox 111 1353 1241 1447; baseline -0.002 -17"><span class='ocrx_word' id='word_1_70' title='bbox 111 1367 209 1430; x_wconf 91' lang='lat' dir='ltr'>licuit</span> <span class='ocrx_word' id='word_1_71' title='bbox 244 1366 414 1431; x_wconf 87' lang='lat' dir='ltr'>secuudum</span> <span class='ocrx_word' id='word_1_72' title='bbox 451 1367 591 1429; x_wconf 87' lang='lat' dir='ltr'>tenorem</span> <span class='ocrx_word' id='word_1_73' title='bbox 629 1364 738 1447; x_wconf 85' lang='lat' dir='ltr'>synodi</span> <span class='ocrx_word' id='word_1_74' title='bbox 775 1363 1037 1429; x_wconf 83' lang='lat' dir='ltr'>Calchedonensis</span> <span class='ocrx_word' id='word_1_75' title='bbox 1073 1353 1120 1428; x_wconf 44' lang='lat' dir='ltr'>inw</span> <span class='ocrx_word' id='word_1_76' title='bbox 1141 1363 1241 1428; x_wconf 90' lang='lat' dir='ltr'>ueteri</span> 
     </span>
     <span class='ocr_line' id='line_1_11' title="bbox 57 1466 1241 1554; baseline 0.001 -22"><span class='ocrx_word' id='word_1_77' title='bbox 57 1473 226 1554; x_wconf 80' lang='lat' dir='ltr'>mutique</span> <span class='ocrx_word' id='word_1_78' title='bbox 255 1491 350 1537; x_wconf 90' lang='lat' dir='ltr'>causa</span> <span class='ocrx_word' id='word_1_79' title='bbox 377 1474 409 1534; x_wconf 89' lang='lat' dir='ltr'>et</span> <span class='ocrx_word' id='word_1_80' title='bbox 435 1470 534 1535; x_wconf 86' lang='lat' dir='ltr'>ueteri</span> <span class='ocrx_word' id='word_1_81' title='bbox 567 1471 738 1534; x_wconf 86' lang='lat' dir='ltr'>constituto</span> <span class='ocrx_word' id='word_1_82' title='bbox 770 1470 856 1535; x_wconf 92' lang='lat' dir='ltr'>iusta</span> <span class='ocrx_word' id='word_1_83' title='bbox 888 1469 1064 1535; x_wconf 91' lang='lat' dir='ltr'>delinitione</span> <span class='ocrx_word' id='word_1_84' title='bbox 1096 1466 1241 1534; x_wconf 83' lang='lat' dir='ltr'>damnata</span> 
     </span>
     <span class='ocr_line' id='line_1_12' title="bbox 113 1574 1240 1659; baseline 0.001 -20"><span class='ocrx_word' id='word_1_85' title='bbox 113 1576 251 1641; x_wconf 89' lang='lat' dir='ltr'>inimicis</span> <span class='ocrx_word' id='word_1_86' title='bbox 285 1575 394 1659; x_wconf 85' lang='lat' dir='ltr'>synodi</span> <span class='ocrx_word' id='word_1_87' title='bbox 428 1574 689 1641; x_wconf 75' lang='lat' dir='ltr'>calchedonensis</span> <span class='ocrx_word' id='word_1_88' title='bbox 723 1577 873 1641; x_wconf 88' lang='lat' dir='ltr'>Acacium</span> <span class='ocrx_word' id='word_1_89' title='bbox 908 1576 1190 1641; x_wconf 86' lang='lat' dir='ltr'>communicantem</span> <span class='ocrx_word' id='word_1_90' title='bbox 1223 1596 1240 1640; x_wconf 89' lang='lat' dir='ltr'>a</span> 
     </span>
     <span class='ocr_line' id='line_1_13' title="bbox 114 1681 614 1765; baseline 0 -19"><span class='ocrx_word' id='word_1_91' title='bbox 114 1700 175 1746; x_wconf 92' lang='lat' dir='ltr'>sua</span> <span class='ocrx_word' id='word_1_92' title='bbox 198 1681 413 1747; x_wconf 91' lang='lat' dir='ltr'>communione</span> <span class='ocrx_word' id='word_1_93' title='bbox 437 1681 614 1765; x_wconf 84' lang='lat' dir='ltr'>depellere?</span> 
     </span>
     <span class='ocr_line' id='line_1_14' title="bbox 162 1786 1288 1870; baseline -0.003 -18"><span class='ocrx_word' id='word_1_94' title='bbox 162 1787 222 1852; x_wconf 87' lang='lat' dir='ltr'>Sed</span> <span class='ocrx_word' id='word_1_95' title='bbox 248 1787 404 1869; x_wconf 82' lang='lat' dir='ltr'>inquiunt,</span> <span class='ocrx_word' id='word_1_96' title='bbox 433 1787 567 1852; x_wconf 85' lang='lat' dir='ltr'>Aeacius</span> <span class='ocrx_word' id='word_1_97' title='bbox 597 1787 789 1870; x_wconf 89' lang='lat' dir='ltr'>principibus</span> <span class='ocrx_word' id='word_1_98' title='bbox 814 1788 940 1852; x_wconf 90' lang='lat' dir='ltr'>obuiare</span> <span class='ocrx_word' id='word_1_99' title='bbox 963 1808 1024 1853; x_wconf 91' lang='lat' dir='ltr'>non</span> <span class='ocrx_word' id='word_1_100' title='bbox 1047 1787 1160 1870; x_wconf 87' lang='lat' dir='ltr'>potuit.</span> <span class='ocrx_word' id='word_1_101' title='bbox 1185 1805 1239 1853; x_wconf 92' lang='lat' dir='ltr'>cur</span> <span class='ocrx_word' id='word_1_102' title='bbox 1248 1786 1288 1850; x_wconf 82' lang='lat'>41</span> 
     </span>
     <span class='ocr_line' id='line_1_15' title="bbox 114 1893 1239 1976; baseline 0 -18"><span class='ocrx_word' id='word_1_103' title='bbox 114 1894 283 1970; x_wconf 84' lang='lat' dir='ltr'>Basilisco,</span> <span class='ocrx_word' id='word_1_104' title='bbox 311 1894 385 1975; x_wconf 91' lang='lat' dir='ltr'>quia</span> <span class='ocrx_word' id='word_1_105' title='bbox 411 1894 524 1967; x_wconf 88' lang='lat' dir='ltr'>uoluit,</span> <span class='ocrx_word' id='word_1_106' title='bbox 554 1893 718 1958; x_wconf 78' lang='lat' dir='ltr'>obuiauit?</span> <span class='ocrx_word' id='word_1_107' title='bbox 746 1913 801 1957; x_wconf 91' lang='lat' dir='ltr'>cur</span> <span class='ocrx_word' id='word_1_108' title='bbox 826 1893 888 1975; x_wconf 92' lang='lat' dir='ltr'>ipsi</span> <span class='ocrx_word' id='word_1_109' title='bbox 916 1893 1044 1971; x_wconf 64' lang='lat' dir='ltr'>Zenoni</span> <span class='ocrx_word' id='word_1_110' title='bbox 1071 1912 1108 1957; x_wconf 90' lang='lat' dir='ltr'>ne</span> <span class='ocrx_word' id='word_1_111' title='bbox 1135 1894 1239 1976; x_wconf 86' lang='lat' dir='ltr'>palem</span> 
     </span>
     <span class='ocr_line' id='line_1_16' title="bbox 63 1996 1239 2081; baseline 0.001 -20"><span class='ocrx_word' id='word_1_112' title='bbox 63 2023 92 2062; x_wconf 77' lang='lat' dir='ltr'>rs</span> <span class='ocrx_word' id='word_1_113' title='bbox 115 2001 210 2064; x_wconf 89' lang='lat' dir='ltr'>Petro</span> <span class='ocrx_word' id='word_1_114' title='bbox 233 2000 437 2076; x_wconf 80' lang='lat' dir='ltr'>Antiocheno,</span> <span class='ocrx_word' id='word_1_115' title='bbox 462 1999 608 2081; x_wconf 89' lang='lat' dir='ltr'>quamuis</span> <span class='ocrx_word' id='word_1_116' title='bbox 630 2000 765 2064; x_wconf 90' lang='lat' dir='ltr'>latenter</span> <span class='ocrx_word' id='word_1_117' title='bbox 786 1999 846 2064; x_wconf 93' lang='lat' dir='ltr'>boc</span> <span class='ocrx_word' id='word_1_118' title='bbox 867 1999 987 2076; x_wconf 83' lang='lat' dir='ltr'>fecerit,</span> <span class='ocrx_word' id='word_1_119' title='bbox 1012 1996 1239 2064; x_wconf 86' lang='lat' dir='ltr'>communicare</span> 
     </span>
     <span class='ocr_line' id='line_1_17' title="bbox 115 2103 1237 2184; baseline -0.003 -13"><span class='ocrx_word' id='word_1_120' title='bbox 115 2107 286 2184; x_wconf 87' lang='lat' dir='ltr'>uideretur,</span> <span class='ocrx_word' id='word_1_121' title='bbox 320 2126 381 2171; x_wconf 91' lang='lat' dir='ltr'>non</span> <span class='ocrx_word' id='word_1_122' title='bbox 414 2106 626 2170; x_wconf 90' lang='lat' dir='ltr'>commodauit</span> <span class='ocrx_word' id='word_1_123' title='bbox 658 2109 845 2170; x_wconf 78' lang='lat' dir='ltr'>assensum?</span> <span class='ocrx_word' id='word_1_124' title='bbox 878 2125 949 2170; x_wconf 88' lang='lat' dir='ltr'>ecre</span> <span class='ocrx_word' id='word_1_125' title='bbox 981 2103 1147 2170; x_wconf 86' lang='lat' dir='ltr'>resultanti</span> <span class='ocrx_word' id='word_1_126' title='bbox 1178 2122 1237 2168; x_wconf 92' lang='lat' dir='ltr'>non</span> 
     </span>
     <span class='ocr_line' id='line_1_18' title="bbox 115 2208 1239 2294; baseline -0.002 -18"><span class='ocrx_word' id='word_1_127' title='bbox 115 2212 234 2277; x_wconf 89' lang='lat' dir='ltr'>restitit</span> <span class='ocrx_word' id='word_1_128' title='bbox 256 2212 434 2294; x_wconf 79' lang='lat' dir='ltr'>imperator,</span> <span class='ocrx_word' id='word_1_129' title='bbox 454 2230 526 2276; x_wconf 88' lang='lat' dir='ltr'>ecce</span> <span class='ocrx_word' id='word_1_130' title='bbox 546 2211 610 2275; x_wconf 92' lang='lat' dir='ltr'>uim</span> <span class='ocrx_word' id='word_1_131' title='bbox 630 2211 749 2276; x_wconf 91' lang='lat' dir='ltr'>nolenti</span> <span class='ocrx_word' id='word_1_132' title='bbox 768 2211 963 2289; x_wconf 80' lang='lat' dir='ltr'>redistulit,</span> <span class='ocrx_word' id='word_1_133' title='bbox 984 2228 1054 2275; x_wconf 87' lang='lat' dir='ltr'>ecoe</span> <span class='ocrx_word' id='word_1_134' title='bbox 1072 2208 1239 2294; x_wconf 82' lang='lat' dir='ltr'>refugienti</span> 
     </span>
     <span class='ocr_line' id='line_1_19' title="bbox 117 2306 1290 2402; baseline -0.003 -19"><span class='ocrx_word' id='word_1_135' title='bbox 117 2317 262 2402; x_wconf 84' lang='lat' dir='ltr'>contagia</span> <span class='ocrx_word' id='word_1_136' title='bbox 292 2318 459 2382; x_wconf 81' lang='lat' dir='ltr'>manifesta</span> <span class='ocrx_word' id='word_1_137' title='bbox 491 2317 654 2382; x_wconf 91' lang='lat' dir='ltr'>concessit.</span> <span class='ocrx_word' id='word_1_138' title='bbox 687 2320 845 2400; x_wconf 88' lang='lat' dir='ltr'>postremo</span> <span class='ocrx_word' id='word_1_139' title='bbox 879 2336 934 2381; x_wconf 90' lang='lat' dir='ltr'>cur</span> <span class='ocrx_word' id='word_1_140' title='bbox 965 2319 1051 2382; x_wconf 90' lang='lat' dir='ltr'>tanto</span> <span class='ocrx_word' id='word_1_141' title='bbox 1087 2306 1236 2400; x_wconf 81' lang='lat' dir='ltr'>tempore,</span> <span class='ocrx_word' id='word_1_142' title='bbox 1248 2317 1290 2382; x_wconf 83' lang='lat'>42</span> 
     </span>
     <span class='ocr_line' id='line_1_20' title="bbox 116 2408 1237 2506; baseline 0 -19"><span class='ocrx_word' id='word_1_143' title='bbox 116 2442 189 2488; x_wconf 88' lang='lat' dir='ltr'>cum</span> <span class='ocrx_word' id='word_1_144' title='bbox 216 2423 279 2488; x_wconf 87' lang='lat' dir='ltr'>ista</span> <span class='ocrx_word' id='word_1_145' title='bbox 306 2426 486 2506; x_wconf 85' lang='lat' dir='ltr'>gererentur</span> <span class='ocrx_word' id='word_1_146' title='bbox 512 2424 566 2487; x_wconf 91' lang='lat' dir='ltr'>uel</span> <span class='ocrx_word' id='word_1_147' title='bbox 593 2422 726 2506; x_wconf 87' lang='lat' dir='ltr'>gerenda</span> <span class='ocrx_word' id='word_1_148' title='bbox 754 2425 964 2506; x_wconf 86' lang='lat' dir='ltr'>cognosceret,</span> <span class='ocrx_word' id='word_1_149' title='bbox 988 2408 1047 2487; x_wconf 90' lang='lat' dir='ltr'>non</span> <span class='ocrx_word' id='word_1_150' title='bbox 1071 2420 1237 2487; x_wconf 88' lang='lat' dir='ltr'>adsedem</span> 
     </span>
     <span class='ocr_line' id='line_1_21' title="bbox 64 2528 1239 2612; baseline 0 -18"><span class='ocrx_word' id='word_1_151' title='bbox 64 2553 95 2593; x_wconf 80' lang='lat' dir='ltr'>ro</span> <span class='ocrx_word' id='word_1_152' title='bbox 117 2529 332 2612; x_wconf 81' lang='lat' dir='ltr'>apostolicam,</span> <span class='ocrx_word' id='word_1_153' title='bbox 370 2548 388 2593; x_wconf 89' lang='lat' dir='ltr'>a</span> <span class='ocrx_word' id='word_1_154' title='bbox 424 2547 485 2612; x_wconf 88' lang='lat' dir='ltr'>qua</span> <span class='ocrx_word' id='word_1_155' title='bbox 521 2528 581 2592; x_wconf 90' lang='lat' dir='ltr'>sibi</span> <span class='ocrx_word' id='word_1_156' title='bbox 618 2548 723 2594; x_wconf 89' lang='lat' dir='ltr'>curam</span> <span class='ocrx_word' id='word_1_157' title='bbox 759 2529 884 2592; x_wconf 90' lang='lat' dir='ltr'>illarum</span> <span class='ocrx_word' id='word_1_158' title='bbox 916 2529 1077 2612; x_wconf 86' lang='lat' dir='ltr'>regionum</span> <span class='ocrx_word' id='word_1_159' title='bbox 1109 2532 1239 2594; x_wconf 87' lang='lat' dir='ltr'>uouerat</span> 
     </span>
     <span class='ocr_line' id='line_1_22' title="bbox 115 2632 1304 2724; baseline 0 -25"><span class='ocrx_word' id='word_1_160' title='bbox 115 2636 301 2718; x_wconf 87' lang='lat' dir='ltr'>delegatam,</span> <span class='ocrx_word' id='word_1_161' title='bbox 329 2634 442 2699; x_wconf 89' lang='lat' dir='ltr'>referre</span> <span class='ocrx_word' id='word_1_162' title='bbox 470 2635 592 2699; x_wconf 89' lang='lat' dir='ltr'>curauit</span> <span class='ocrx_word' id='word_1_163' title='bbox 620 2634 675 2699; x_wconf 91' lang='lat' dir='ltr'>sed</span> <span class='ocrx_word' id='word_1_164' title='bbox 701 2635 787 2713; x_wconf 89' lang='lat' dir='ltr'>prins</span> <span class='ocrx_word' id='word_1_165' title='bbox 810 2634 953 2699; x_wconf 87' lang='lat' dir='ltr'>laudator</span> <span class='ocrx_word' id='word_1_166' title='bbox 975 2632 1077 2698; x_wconf 85' lang='lat' dir='ltr'>factus</span> <span class='ocrx_word' id='word_1_167' title='bbox 1101 2636 1150 2699; x_wconf 85' lang='lat' dir='ltr'>est</span> <span class='ocrx_word' id='word_1_168' title='bbox 1171 2635 1237 2719; x_wconf 86' lang='lat' dir='ltr'>ipse</span> <span class='ocrx_word' id='word_1_169' title='bbox 1301 2719 1304 2724; x_wconf 26' lang='grc'><strong>,</strong></span> 
     </span>
     <span class='ocr_line' id='line_1_23' title="bbox 115 2738 1238 2824; baseline 0.001 -20"><span class='ocrx_word' id='word_1_170' title='bbox 115 2745 278 2824; x_wconf 90' lang='lat' dir='ltr'>gestorum</span> <span class='ocrx_word' id='word_1_171' title='bbox 300 2758 392 2822; x_wconf 90' lang='lat' dir='ltr'>quam</span> <span class='ocrx_word' id='word_1_172' title='bbox 416 2741 468 2804; x_wconf 94' lang='lat' dir='ltr'>uel</span> <span class='ocrx_word' id='word_1_173' title='bbox 491 2742 707 2821; x_wconf 87' lang='lat' dir='ltr'>praemoneret</span> <span class='ocrx_word' id='word_1_174' title='bbox 728 2740 806 2804; x_wconf 84' lang='lat' dir='ltr'>talia</span> <span class='ocrx_word' id='word_1_175' title='bbox 829 2757 899 2803; x_wconf 91' lang='lat' dir='ltr'>esse</span> <span class='ocrx_word' id='word_1_176' title='bbox 921 2738 1104 2821; x_wconf 89' lang='lat' dir='ltr'>temptanda</span> <span class='ocrx_word' id='word_1_177' title='bbox 1126 2741 1179 2804; x_wconf 93' lang='lat' dir='ltr'>uel</span> <span class='ocrx_word' id='word_1_178' title='bbox 1200 2759 1238 2805; x_wconf 91' lang='lat' dir='ltr'>ne</span> 
     </span>
     <span class='ocr_line' id='line_1_24' title="bbox 113 2845 1238 2928; baseline 0 -18"><span class='ocrx_word' id='word_1_179' title='bbox 113 2849 341 2928; x_wconf 88' lang='lat' dir='ltr'>temptarentur</span> <span class='ocrx_word' id='word_1_180' title='bbox 368 2847 545 2923; x_wconf 83' lang='lat' dir='ltr'>obsisteret,</span> <span class='ocrx_word' id='word_1_181' title='bbox 575 2847 658 2910; x_wconf 91' lang='lat' dir='ltr'>sicut</span> <span class='ocrx_word' id='word_1_182' title='bbox 681 2847 738 2909; x_wconf 88' lang='lat' dir='ltr'>sub</span> <span class='ocrx_word' id='word_1_183' title='bbox 761 2845 915 2910; x_wconf 85' lang='lat' dir='ltr'>Basilisco</span> <span class='ocrx_word' id='word_1_184' title='bbox 938 2845 1001 2909; x_wconf 92' lang='lat' dir='ltr'>iam</span> <span class='ocrx_word' id='word_1_185' title='bbox 1023 2846 1159 2909; x_wconf 77' lang='lat' dir='ltr'>fecerat?</span> <span class='ocrx_word' id='word_1_186' title='bbox 1184 2863 1238 2910; x_wconf 91' lang='lat' dir='ltr'>our</span> 
     </span>
     <span class='ocr_line' id='line_1_25' title="bbox 113 2950 1237 3034; baseline 0.002 -18"><span class='ocrx_word' id='word_1_187' title='bbox 113 2952 179 3016; x_wconf 90' lang='lat' dir='ltr'>illis</span> <span class='ocrx_word' id='word_1_188' title='bbox 212 2952 323 3017; x_wconf 89' lang='lat' dir='ltr'>ceteris</span> <span class='ocrx_word' id='word_1_189' title='bbox 356 2952 583 3017; x_wconf 88' lang='lat' dir='ltr'>communicare</span> <span class='ocrx_word' id='word_1_190' title='bbox 615 2950 781 3027; x_wconf 90' lang='lat' dir='ltr'>consensit,</span> <span class='ocrx_word' id='word_1_191' title='bbox 815 2950 868 3034; x_wconf 87' lang='lat' dir='ltr'>qui</span> <span class='ocrx_word' id='word_1_192' title='bbox 901 2950 1043 3033; x_wconf 90' lang='lat' dir='ltr'>depulsis</span> <span class='ocrx_word' id='word_1_193' title='bbox 1075 2951 1237 3018; x_wconf 86' lang='lat' dir='ltr'>catholicis</span> 
     </span>
     <span class='ocr_line' id='line_1_26' title="bbox 49 3057 1239 3148; baseline 0.003 -30"><span class='ocrx_word' id='word_1_194' title='bbox 49 3080 90 3148; x_wconf 59' lang='lat' dir='ltr'>⁸as</span> <span class='ocrx_word' id='word_1_195' title='bbox 114 3058 328 3123; x_wconf 85' lang='lat' dir='ltr'>sacerdotibus</span> <span class='ocrx_word' id='word_1_196' title='bbox 364 3058 577 3122; x_wconf 87' lang='lat' dir='ltr'>indubitanter</span> <span class='ocrx_word' id='word_1_197' title='bbox 608 3058 758 3123; x_wconf 91' lang='lat' dir='ltr'>haeretici</span> <span class='ocrx_word' id='word_1_198' title='bbox 790 3057 922 3140; x_wconf 88' lang='lat' dir='ltr'>singulis</span> <span class='ocrx_word' id='word_1_199' title='bbox 954 3057 1084 3121; x_wconf 91' lang='lat' dir='ltr'>urbibus</span> <span class='ocrx_word' id='word_1_200' title='bbox 1116 3057 1239 3122; x_wconf 84' lang='lat' dir='ltr'>fuerant</span> 
     </span>
     <span class='ocr_line' id='line_1_27' title="bbox 114 3163 1237 3247; baseline -0.001 -18"><span class='ocrx_word' id='word_1_201' title='bbox 114 3164 303 3234; x_wconf 88' lang='lat' dir='ltr'>substituti?</span> <span class='ocrx_word' id='word_1_202' title='bbox 336 3168 493 3247; x_wconf 89' lang='lat' dir='ltr'>postremo</span> <span class='ocrx_word' id='word_1_203' title='bbox 527 3165 555 3227; x_wconf 90' lang='lat' dir='ltr'>si</span> <span class='ocrx_word' id='word_1_204' title='bbox 585 3164 639 3228; x_wconf 92' lang='lat' dir='ltr'>illo</span> <span class='ocrx_word' id='word_1_205' title='bbox 672 3163 772 3227; x_wconf 87' lang='lat' dir='ltr'>defuit</span> <span class='ocrx_word' id='word_1_206' title='bbox 809 3163 876 3226; x_wconf 89' lang='lat' dir='ltr'>suis</span> <span class='ocrx_word' id='word_1_207' title='bbox 913 3163 1054 3245; x_wconf 87' lang='lat' dir='ltr'>part-ibus</span> <span class='ocrx_word' id='word_1_208' title='bbox 1092 3166 1124 3227; x_wconf 89' lang='lat' dir='ltr'>et</span> <span class='ocrx_word' id='word_1_209' title='bbox 1159 3180 1237 3244; x_wconf 83' lang='lat' dir='ltr'>quae</span> 
     </span>
     <span class='ocr_line' id='line_1_28' title="bbox 115 3266 1236 3353; baseline -0.003 -17"><span class='ocrx_word' id='word_1_210' title='bbox 115 3270 267 3336; x_wconf 85' lang='lat' dir='ltr'>sacerdoti</span> <span class='ocrx_word' id='word_1_211' title='bbox 292 3270 446 3335; x_wconf 87' lang='lat' dir='ltr'>catholico</span> <span class='ocrx_word' id='word_1_212' title='bbox 471 3273 683 3353; x_wconf 91' lang='lat' dir='ltr'>competerent</span> <span class='ocrx_word' id='word_1_213' title='bbox 705 3289 795 3352; x_wconf 85' lang='lat' dir='ltr'>agere</span> <span class='ocrx_word' id='word_1_214' title='bbox 818 3289 877 3334; x_wconf 92' lang='lat' dir='ltr'>non</span> <span class='ocrx_word' id='word_1_215' title='bbox 903 3269 1034 3345; x_wconf 87' lang='lat' dir='ltr'>curauit,</span> <span class='ocrx_word' id='word_1_216' title='bbox 1056 3267 1127 3334; x_wconf 91' lang='lat' dir='ltr'>ideo</span> <span class='ocrx_word' id='word_1_217' title='bbox 1147 3266 1236 3334; x_wconf 88' lang='lat' dir='ltr'>sedes</span> 
     </span>
    </p>
   </div>
   <div class='ocr_carea' id='block_1_3' title="bbox 200 3512 406 3573">
    <p class='ocr_par' dir='ltr' id='par_1_3' title="bbox 200 3512 406 3573">
     <span class='ocr_line' id='line_1_29' title="bbox 200 3512 406 3573; baseline 0.005 -9"><span class='ocrx_word' id='word_1_218' title='bbox 200 3513 215 3565; x_wconf 84' lang='lat'><strong>3</strong></span> <span class='ocrx_word' id='word_1_219' title='bbox 234 3512 309 3564; x_wconf 90' lang='lat' dir='ltr'>Rom.</span> <span class='ocrx_word' id='word_1_220' title='bbox 330 3513 353 3573; x_wconf 92' lang='lat'>1,</span> <span class='ocrx_word' id='word_1_221' title='bbox 373 3513 406 3565; x_wconf 83' lang='lat'>32</span> 
     </span>
    </p>
   </div>
   <div class='ocr_carea' id='block_1_4' title="bbox 108 3682 1237 4194">
    <p class='ocr_par' dir='ltr' id='par_1_4' title="bbox 108 3682 1237 4194">
     <span class='ocr_line' id='line_1_30' title="bbox 147 3682 1237 3754; baseline -0.003 -15"><span class='ocrx_word' id='word_1_222' title='bbox 147 3687 159 3739; x_wconf 93' lang='lat'>1</span> <span class='ocrx_word' id='word_1_223' title='bbox 181 3686 321 3739; x_wconf 86' lang='lat' dir='ltr'>antestites</span> <span class='ocrx_word' id='word_1_224' title='bbox 341 3685 401 3754; x_wconf 62' lang='grc' dir='ltr'>βδᾳ3</span> <span class='ocrx_word' id='word_1_225' title='bbox 489 3686 592 3738; x_wconf 90' lang='lat' dir='ltr'>resistit</span> <span class='ocrx_word' id='word_1_226' title='bbox 609 3685 621 3737; x_wconf 77' lang='grc' dir='ltr'>ι’</span> <span class='ocrx_word' id='word_1_227' title='bbox 709 3685 907 3753; x_wconf 78' lang='lat' dir='ltr'>suggestionem</span> <span class='ocrx_word' id='word_1_228' title='bbox 929 3682 968 3751; x_wconf 78' lang='grc' dir='ltr'>βδ,</span> <span class='ocrx_word' id='word_1_229' title='bbox 987 3683 1162 3752; x_wconf 76' lang='lat' dir='ltr'>suggessione</span> <span class='ocrx_word' id='word_1_230' title='bbox 1176 3683 1237 3753; x_wconf 74' lang='lat' dir='ltr'>p¹q²</span> 
     </span>
     <span class='ocr_line' id='line_1_31' title="bbox 110 3768 1236 3842; baseline -0.001 -15"><span class='ocrx_word' id='word_1_231' title='bbox 110 3775 225 3840; x_wconf 69' lang='lat' dir='ltr'>iquam</span> <span class='ocrx_word' id='word_1_232' title='bbox 243 3771 301 3842; x_wconf 75' lang='lat' dir='ltr'>g¹q²</span> <span class='ocrx_word' id='word_1_233' title='bbox 380 3773 523 3828; x_wconf 71' lang='lat' dir='ltr'>{linerent</span> <span class='ocrx_word' id='word_1_234' title='bbox 541 3772 581 3825; x_wconf 83' lang='lat' dir='ltr'>iT</span> <span class='ocrx_word' id='word_1_235' title='bbox 660 3773 837 3842; x_wconf 83' lang='lat' dir='ltr'>bpotestetis</span> <span class='ocrx_word' id='word_1_236' title='bbox 857 3792 879 3837; x_wconf 86' lang='grc' dir='ltr'>υ,</span> <span class='ocrx_word' id='word_1_237' title='bbox 898 3775 1033 3840; x_wconf 83' lang='lat' dir='ltr'>potestate</span> <span class='ocrx_word' id='word_1_238' title='bbox 1053 3768 1104 3839; x_wconf 78' lang='lat' dir='ltr'>q³i³</span> <span class='ocrx_word' id='word_1_239' title='bbox 1174 3770 1236 3826; x_wconf 82' lang='lat' dir='ltr'>ein</span> 
     </span>
     <span class='ocr_line' id='line_1_32' title="bbox 109 3858 1235 3930; baseline -0.001 -16"><span class='ocrx_word' id='word_1_240' title='bbox 109 3863 215 3915; x_wconf 89' lang='lat' dir='ltr'>ueteri.</span> <span class='ocrx_word' id='word_1_241' title='bbox 233 3904 238 3915; x_wconf 96' lang='lat'>.</span> <span class='ocrx_word' id='word_1_242' title='bbox 254 3863 285 3915; x_wconf 89' lang='lat'>11</span> <span class='ocrx_word' id='word_1_243' title='bbox 307 3861 523 3915; x_wconf 86' lang='lat' dir='ltr'>calchedonensis</span> <span class='ocrx_word' id='word_1_244' title='bbox 543 3879 593 3916; x_wconf 85' lang='lat' dir='ltr'>om.</span> <span class='ocrx_word' id='word_1_245' title='bbox 614 3860 646 3928; x_wconf 76' lang='grc' dir='ltr'>βδ</span> <span class='ocrx_word' id='word_1_246' title='bbox 709 3862 740 3913; x_wconf 84' lang='grc'><strong>13</strong></span> <span class='ocrx_word' id='word_1_247' title='bbox 761 3861 816 3930; x_wconf 89' lang='lat' dir='ltr'>sed]</span> <span class='ocrx_word' id='word_1_248' title='bbox 837 3877 865 3914; x_wconf 88' lang='lat' dir='ltr'>se</span> <span class='ocrx_word' id='word_1_249' title='bbox 884 3860 914 3926; x_wconf 65' lang='lat' dir='ltr'>r&#39;l,</span> <span class='ocrx_word' id='word_1_250' title='bbox 933 3861 955 3912; x_wconf 90' lang='lat' dir='ltr'>si</span> <span class='ocrx_word' id='word_1_251' title='bbox 974 3858 997 3912; x_wconf 72' lang='lat'>²7²</span> <span class='ocrx_word' id='word_1_252' title='bbox 1081 3859 1235 3913; x_wconf 62' lang='grc'><strong>14113113-</strong></span> 
     </span>
     <span class='ocr_line' id='line_1_33' title="bbox 109 3946 1235 4017; baseline -0.003 -14"><span class='ocrx_word' id='word_1_253' title='bbox 109 3965 138 4003; x_wconf 91' lang='lat' dir='ltr'>eo</span> <span class='ocrx_word' id='word_1_254' title='bbox 159 3949 174 4016; x_wconf 91' lang='grc' dir='ltr'>β</span> <span class='ocrx_word' id='word_1_255' title='bbox 246 3949 278 4003; x_wconf 89' lang='grc'>16</span> <span class='ocrx_word' id='word_1_256' title='bbox 298 3948 476 4002; x_wconf 87' lang='lat' dir='ltr'>commodabit</span> <span class='ocrx_word' id='word_1_257' title='bbox 495 3948 598 4017; x_wconf 76' lang='lat' dir='ltr'>uq¹q³i³,</span> <span class='ocrx_word' id='word_1_258' title='bbox 617 3947 783 4002; x_wconf 82' lang='lat' dir='ltr'>commodari</span> <span class='ocrx_word' id='word_1_259' title='bbox 805 3946 844 4016; x_wconf 76' lang='grc' dir='ltr'>βδ,</span> <span class='ocrx_word' id='word_1_260' title='bbox 865 3949 1070 4002; x_wconf 87' lang='lat' dir='ltr'>communicauit</span> <span class='ocrx_word' id='word_1_261' title='bbox 1087 3947 1111 4000; x_wconf 77' lang='lat' dir='ltr'>i²</span> <span class='ocrx_word' id='word_1_262' title='bbox 1195 3964 1235 4000; x_wconf 83' lang='lat' dir='ltr'>as·</span> 
     </span>
     <span class='ocr_line' id='line_1_34' title="bbox 109 4034 1235 4105; baseline -0.002 -15"><span class='ocrx_word' id='word_1_263' title='bbox 109 4036 223 4104; x_wconf 68' lang='lat' dir='ltr'>sensuss</span> <span class='ocrx_word' id='word_1_264' title='bbox 297 4038 328 4090; x_wconf 79' lang='lat'>17</span> <span class='ocrx_word' id='word_1_265' title='bbox 349 4054 408 4091; x_wconf 88' lang='lat' dir='ltr'>ecee</span> <span class='ocrx_word' id='word_1_266' title='bbox 427 4045 443 4090; x_wconf 76' lang='grc' dir='ltr'><strong>ᾔ</strong></span> <span class='ocrx_word' id='word_1_267' title='bbox 461 4037 640 4091; x_wconf 83' lang='lat' dir='ltr'>innolentiT</span> <span class='ocrx_word' id='word_1_268' title='bbox 711 4038 742 4089; x_wconf 80' lang='lat'>19</span> <span class='ocrx_word' id='word_1_269' title='bbox 771 4037 888 4091; x_wconf 73' lang='lat' dir='ltr'>&lt;si1&gt;ista</span> <span class='ocrx_word' id='word_1_270' title='bbox 906 4041 1010 4105; x_wconf 87' lang='lat' dir='ltr'>gereret</span> <span class='ocrx_word' id='word_1_271' title='bbox 1032 4037 1057 4088; x_wconf 89' lang='grc' dir='ltr'><em>Τ</em></span> <span class='ocrx_word' id='word_1_272' title='bbox 1122 4034 1235 4089; x_wconf 71' lang='grc'><strong>211111-</strong></span> 
     </span>
     <span class='ocr_line' id='line_1_35' title="bbox 108 4120 1237 4194; baseline 0 -18"><span class='ocrx_word' id='word_1_273' title='bbox 108 4125 200 4194; x_wconf 86' lang='lat' dir='ltr'>gatam</span> <span class='ocrx_word' id='word_1_274' title='bbox 221 4122 251 4191; x_wconf 82' lang='grc' dir='ltr'>βδ</span> <span class='ocrx_word' id='word_1_275' title='bbox 340 4123 466 4176; x_wconf 88' lang='lat' dir='ltr'>laudatus</span> <span class='ocrx_word' id='word_1_276' title='bbox 484 4122 537 4177; x_wconf 82' lang='lat' dir='ltr'>i³T</span> <span class='ocrx_word' id='word_1_277' title='bbox 605 4124 639 4176; x_wconf 90' lang='grc'>22</span> <span class='ocrx_word' id='word_1_278' title='bbox 657 4123 701 4176; x_wconf 87' lang='lat' dir='ltr'>uel</span> <span class='ocrx_word' id='word_1_279' title='bbox 721 4140 753 4176; x_wconf 89' lang='lat' dir='ltr'>nc</span> <span class='ocrx_word' id='word_1_280' title='bbox 773 4123 806 4176; x_wconf 78' lang='lat' dir='ltr'>e:</span> <span class='ocrx_word' id='word_1_281' title='bbox 827 4140 859 4177; x_wconf 92' lang='lat' dir='ltr'>ne</span> <span class='ocrx_word' id='word_1_282' title='bbox 879 4125 955 4176; x_wconf 57' lang='lat' dir='ltr'>uel}</span> <span class='ocrx_word' id='word_1_283' title='bbox 1036 4121 1069 4176; x_wconf 79' lang='grc'>25</span> <span class='ocrx_word' id='word_1_284' title='bbox 1088 4120 1237 4176; x_wconf 78' lang='lat' dir='ltr'>hereticist‘</span> 
     </span>
    </p>
   </div>
   <div class='ocr_carea' id='block_1_5' title="bbox 108 4211 587 4282">
    <p class='ocr_par' dir='ltr' id='par_1_5' title="bbox 108 4211 587 4282">
     <span class='ocr_line' id='line_1_36' title="bbox 108 4211 587 4282; baseline -0.006 -16"><span class='ocrx_word' id='word_1_285' title='bbox 108 4212 142 4266; x_wconf 90' lang='grc'>26</span> <span class='ocrx_word' id='word_1_286' title='bbox 161 4211 283 4281; x_wconf 83' lang='lat' dir='ltr'>patribus</span> <span class='ocrx_word' id='word_1_287' title='bbox 303 4212 318 4280; x_wconf 85' lang='grc' dir='ltr'><strong>β</strong></span> <span class='ocrx_word' id='word_1_288' title='bbox 373 4212 405 4264; x_wconf 89' lang='grc'>27</span> <span class='ocrx_word' id='word_1_289' title='bbox 424 4211 495 4264; x_wconf 92' lang='lat' dir='ltr'>sedis</span> <span class='ocrx_word' id='word_1_290' title='bbox 517 4211 587 4282; x_wconf 71' lang='grc' dir='ltr'>ρυβδ</span> 
     </span>
    </p>
   </div>
   <div class='ocr_carea' id='block_1_6' title="bbox 0 0 1436 4620">
    <p class='ocr_par' dir='ltr' id='par_1_6' title="bbox 0 0 1436 4620">
     <span class='ocr_line' id='line_1_37' title="bbox 0 0 1436 4620; baseline 0 0"><span class='ocrx_word' id='word_1_291' title='bbox 0 0 1436 4620; x_wconf 95' lang='lat' dir='ltr'> </span> 
     </span>
    </p>
   </div>
  </div>
 </body>
</html>
