2864 4620
649 318 698 385 111,
710 320 821 374 12-22.
1234 321 1297 384 799

168 514 368 598 episcopatus
397 515 536 580 eiusdem
563 515 711 580 Iohannis
743 512 976 578 confirmatione
1009 532 1091 595 papa
1123 531 1296 595 suspensus

168 623 226 699 est,
255 641 290 687 eo
320 622 405 704 quod
432 622 549 704 scripta
577 622 655 699 eius,
685 636 745 702 que
772 619 889 684 totiens
918 618 958 683 ad
990 618 1141 683 Acacium
1172 619 1297 701 propter

166 725 370 792 Alexandrine
403 727 535 793 ecclesie
568 727 706 808 quietem
739 728 772 789 et
803 724 955 790 catholice
982 724 1056 790 fidei
1083 724 1295 808 integritatem

167 831 328 909 direxerat,
351 832 430 897 nihil
453 833 578 899 omnino
601 831 796 913 proficerent.
821 831 895 894 dum
917 831 976 895 heo
994 833 1171 915 agerentur,
1190 833 1348 912 super-18

117 959 141 997 5
165 938 255 1002 uenit
271 939 355 1003 idem
373 939 527 1004 Iohannes
547 939 724 1021 episcopus,
743 938 797 1019 qui
816 939 900 1002 sicut
919 937 1050 1002 decebat
1068 937 1106 1000 ah
1123 935 1297 1019 apostolica

173 1043 246 1108 sede
278 1048 444 1127 susceptus
478 1048 536 1109 est.
570 1045 660 1109 cuius
693 1043 786 1108 etiam
816 1043 970 1108 aduentus
997 1042 1121 1125 plenius
1149 1041 1298 1106 uniuersa

170 1151 329 1233 patefecit.
353 1152 427 1233 quid
451 1152 573 1216 multa?
597 1150 671 1214 dum
694 1150 819 1215 Accacii
838 1149 954 1232 scripta
970 1150 1159 1233 legeremus,
1178 1167 1238 1231 qne
1258 1147 1296 1210 de

170 1255 263 1321 Petro
292 1260 323 1321 et
348 1257 517 1323 Iohannem
544 1257 748 1322 AntIochenis
776 1256 815 1319 ad
841 1275 954 1338 papam
981 1256 1119 1331 miserat,
1149 1271 1295 1317 excessus

169 1363 294 1428 Accacii
313 1364 407 1428 etiam
424 1365 457 1427 in
475 1364 534 1428 hac
554 1382 649 1428 causa
667 1361 874 1448 grauissimus
894 1361 1143 1445 deprehenditur.
1163 1359 1295 1442 denique
1307 1352 1347 1416 19

121 1485 147 1522 0
167 1472 360 1532 memoratus
386 1468 500 1535 Petrus
529 1470 698 1534 Iohannem
722 1469 876 1551 quendam
897 1457 1116 1552 prdshyterum
1140 1466 1296 1533 ordinauit

163 1572 332 1654 Apamenis
356 1574 548 1671 episcopum,
573 1593 591 1638 a
610 1574 725 1656 quihus
744 1593 805 1640 non
824 1578 969 1655 receptus
988 1573 1078 1640 uenit
1095 1564 1295 1637 Antiochiam

165 1681 197 1744 et
226 1680 355 1744 Petrum
388 1681 588 1763 episcopatus
622 1681 672 1745 sui
702 1680 794 1762 pellit
826 1683 987 1745 auctorem
1015 1684 1047 1744 et
1073 1679 1197 1743 inuadit
1225 1677 1293 1742 eius

164 1786 340 1851 ecelesiam.
372 1787 427 1868 qui
458 1787 553 1851 simul
584 1786 700 1852 iterum
728 1785 891 1851 damnatos
919 1785 998 1850 dicit
1024 1783 1157 1850 Aeacius
1183 1786 1293 1867 potens

163 1891 201 1955 ah
231 1892 404 1974 apostolica
431 1892 515 1970 sede,
544 1895 581 1957 ut
608 1893 635 1959 si
663 1893 702 1956 ad
730 1911 799 1957 eam
821 1893 901 1958 forte
925 1891 1118 1974 confugeret,
1141 1908 1198 1954 nec
1220 1889 1293 1954 uisu

113 2014 148 2058 rs
163 1997 275 2081 dignos
311 1998 449 2076 haberet,
487 2001 519 2062 et
555 1999 582 2062 si
617 1998 762 2064 fortassis
798 1999 861 2063 iam
894 1997 1032 2080 aliquam
1063 1995 1291 2080 indulgentiam

161 2103 393 2187 impetrassent,
429 2103 550 2168 irritam
585 2122 654 2169 esse
689 2102 800 2168 dehere
834 2122 892 2168 nec
927 2122 1033 2168 eorum
1067 2101 1293 2183 poenitentiam

161 2208 371 2292 recipiendam
407 2228 487 2274 esse.
525 2209 609 2292 quod
646 2227 717 2274 cum
753 2209 838 2274 fatus
875 2209 1028 2279 Iohannes
1064 2206 1291 2272 Alexandrinus
1303 2207 1344 2269 20

161 2313 329 2398 episcopus
351 2315 529 2400 relegisset,
552 2318 656 2380 tacere
679 2335 740 2379 non
763 2315 878 2398 potuit,
902 2315 986 2397 quod
1008 2314 1099 2378 illum
1122 2312 1292 2377 Iohannem
1395 2343 1398 2351 ·

162 2438 256 2502 qnam
295 2420 449 2485 Acoacius
490 2420 693 2485 damnauerat
733 2439 806 2485 cum
846 2421 939 2486 Petro
981 2422 1013 2484 et
1050 2419 1118 2484 sino
1154 2417 1291 2482 remedio

113 2541 142 2586 eo
160 2525 333 2607 penitentie
346 2525 423 2591 fecit
437 2527 475 2592 ab
491 2526 664 2610 apostolica
678 2527 751 2592 sede
766 2526 915 2604 damnari,
930 2528 1003 2609 post
1015 2528 1065 2591 tot
1075 2523 1290 2591 damnationes

160 2630 326 2714 Tyriorum
352 2631 475 2697 miserit
503 2632 636 2697 ecclesie
663 2633 831 2715 presidere.
859 2634 1029 2715 postquam
1058 2650 1130 2715 ergo
1163 2632 1289 2694 sanctus
1303 2629 1342 2692 21

159 2737 249 2802 Felix
271 2757 352 2819 papa
373 2737 496 2802 litteras
521 2737 750 2821 predecessoris
775 2739 824 2803 sui
842 2739 921 2802 nihil
938 2738 1126 2819 profecisset
1143 2734 1294 2818 cognouit

161 2847 195 2911 et
220 2843 357 2909 ludibria
385 2844 519 2926 quedam
546 2845 578 2908 in
602 2845 798 2910 euersIonem‘
819 2845 893 2917 fidei
916 2844 954 2909 ab
977 2844 1092 2909 Acacio
1116 2842 1193 2920 fieri,
1216 2846 1292 2906 tunc

160 2949 300 3015 Uitalem
319 2950 501 3032 episcopum
521 2950 736 3015 Iroenitinum
756 2971 791 3016 ex
809 2951 936 3035 regione
954 2950 1072 3014 Picena
1090 2951 1122 3013 et
1133 2949 1291 3012 Misenum

113 3077 141 3121 ac
161 3055 302 3122 Cumane
330 3056 461 3120 ecclesie
489 3056 672 3139 epIscopum
701 3076 736 3120 ex
762 3057 889 3141 regione
919 3055 1086 3138 Campania
1115 3053 1233 3131 direxit,
1256 3055 1293 3116 ut

158 3161 273 3226 Petrus
298 3161 335 3225 de
357 3160 564 3226 Alexandrina
585 3163 755 3245 pelleretur
774 3162 907 3227 ecclesia
926 3164 958 3226 et
976 3164 1012 3224 ut
1030 3161 1164 3225 Aeacius
1183 3157 1291 3223 lihello

160 3268 261 3341 sancti
292 3268 440 3334 Iohannis
472 3268 612 3353 episcopi
643 3269 841 3333 Alexandrini
872 3268 1075 3350 responderet
1106 3269 1199 3349 atque
1229 3265 1293 3349 ipsi

160 3373 382 3439 denuntiarent
407 3373 534 3452 hecelo,
562 3378 599 3439 ut
626 3376 791 3440 anathema
815 3375 1021 3440 Alexandrino
1046 3374 1164 3438 diceret
1186 3372 1291 3437 Petro.

160 3499 254 3564 pomo
285 3480 369 3544 idem
400 3481 497 3565 legati
527 3481 662 3563 professi
693 3484 777 3546 sunt.
811 3481 877 3562 qui·
895 3480 971 3544 licet
1002 3479 1112 3544 hostili
1145 3496 1228 3541 more
1259 3477 1291 3540 in
1303 3475 1344 3538 22

113 3612 143 3656 no
162 3586 307 3651 custodia
326 3586 446 3651 detmsi
464 3587 586 3651 chartas
602 3587 772 3664 amiserint,
787 3590 891 3651 tamen
905 3586 1016 3670 perfidi
1030 3589 1123 3668 atque
1138 3582 1291 3647 damnatis

162 3690 310 3757 hereticis
325 3710 512 3757 consensum
527 3694 759 3758 accommodare
773 3712 834 3757 non
850 3692 1033 3770 debuerunt,
1050 3690 1133 3773 quod
1144 3689 1291 3755 uoluntas

164 3816 278 3882 negare
310 3800 491 3879 potuerunt.
524 3818 584 3864 non
618 3799 722 3864 solum
755 3818 829 3883 ergo
861 3818 922 3864 non
956 3799 1088 3882 egerunt
1116 3815 1176 3878 que
1203 3794 1292 3858 iussa

164 3907 248 3984 sunt,
285 3905 342 3969 sed
378 3905 473 3970 etiam
508 3904 656 3970 hereticis
704 3905 1014 3973 communicauerunt
1059 3900 1291 3987 confirmatione

199 4113 216 4166 8
234 4129 330 4182 papam
349 4130 416 4168 corr.
436 4129 469 4168 cc
486 4128 556 4182 papa
602 4112 636 4166 1o
656 4112 792 4167 ordinauit
810 4128 876 4167 corr.
897 4128 929 4166 ec
947 4109 1091 4165 ordonauit
1136 4109 1168 4163 12
1186 4111 1291 4178 petrum

126 4228 129 4233 >
164 4217 233 4256 corr.
253 4206 394 4271 empetros
448 4203 479 4257 21
501 4219 541 4256 scs

216 4323 299 4364 xxxv
312 4334 366 4374 pm
379 4326 399 4365 a.
1191 4302 1223 4358 ὃ]
