2864 4620
376 281 463 351 Epist.
483 278 618 336 CXXVIII
636 279 652 332 2
670 310 705 320 -
724 277 831 334 CXXIX
849 281 874 333 5.

573 471 679 554 (rao.)

107 615 264 661 nonmsne
291 613 451 660 unrunnsrs
478 601 636 658 nerscorrs
659 613 695 658 rn
717 611 858 661 onmnnrs
889 613 1039 659 enarrans
1068 613 1189 660 censar-

64 722 162 768 runrs.
216 701 287 767 nesi
314 700 534 766 admonitionis
562 719 650 765 meae
682 719 756 765 cura
788 700 962 778 desisteret,
994 719 1053 766 nos
1084 703 1189 765 tamen

63 807 180 891 proprii
209 826 362 873 memores
395 806 573 872 conueniret
604 805 699 872 oflicii
726 825 786 872 non
808 807 1009 890 neglegenter
1036 805 1188 885 omittere,

30 932 144 996 equae
167 913 254 978 enixe
283 931 388 977 omnes
417 912 508 976 decet
533 931 589 994 pro
617 913 736 977 animae
764 930 839 976 suae
866 912 967 977 salute
996 913 1190 988 seruarent

62 1019 281 1084 mendatorum
304 1018 489 1083 caelestium
517 1018 682 1101 disciplina
704 1037 764 1084 non
788 1017 889 1084 alieno
912 1016 1018 1084 studio
1042 1017 1098 1082 sed
1119 1017 1189 1100 ipso

59 1125 156 1191 uobis
179 1126 311 1189 clareret
332 1124 436 1188 inesse
452 1124 633 1211 proposito.
665 1143 736 1195 nam
763 1124 840 1189 licet
865 1123 958 1188 laude
985 1142 1045 1188 non
1075 1124 1189 1201 careat,

65 1230 122 1314 qui
151 1231 241 1296 bonis
279 1230 418 1295 consiliis
452 1230 654 1308 obsecundet,
685 1232 774 1295 tenio
807 1232 856 1295 est
889 1233 993 1295 tamen
1024 1229 1128 1313 potior
1156 1230 1189 1294 in

64 1337 181 1402 honore
214 1336 383 1417 sapientiae
425 1334 479 1419 qui
509 1335 670 1420 praeuenit
713 1340 798 1401 recta
838 1355 932 1419 quam
964 1334 1018 1418 qui
1049 1336 1190 1418 sequitur

20 1467 47 1506 1⁰
64 1442 221 1519 instituta,
236 1444 351 1524 quanto
366 1444 415 1506 est
428 1441 584 1506 illustrius
603 1441 711 1507 dooere
731 1459 825 1525 quern
843 1439 971 1507 discere.
1010 1441 1189 1506 recordetur
1211 1450 1231 1514 2

65 1546 293 1631 unusquisque,
316 1547 347 1609 in
371 1565 432 1629 qne
453 1546 616 1612 nocetione
640 1567 659 1611 a
681 1547 805 1611 domino
829 1546 871 1611 sit
893 1549 1035 1625 uocatus,
1059 1544 1187 1629 etquid

66 1655 104 1719 ab
129 1673 164 1718 eo
189 1655 367 1736 expectetur
389 1652 541 1717 aduertet.
570 1652 719 1717 miserum
747 1656 796 1716 est
817 1653 898 1717 intra
920 1652 1066 1716 meritum
1088 1651 1187 1716 iacere

65 1758 226 1842 propositi,
264 1777 336 1823 curn
364 1757 407 1835 id,
436 1757 519 1839 quod
549 1758 723 1841 praefertur
753 1759 887 1837 nomine,
919 1778 980 1824 non
1012 1757 1187 1822 ostenditur

65 1865 194 1930 actione.
209 1883 322 1948 magna
335 1863 517 1938 meruimus,
538 1862 566 1928 si
583 1863 666 1947 qnod
680 1864 802 1929 indulta
814 1864 976 1946 postulant
988 1863 1184 1946 impleamus.

17 1970 175 2053 requies
203 1970 242 2036 ad
268 1970 437 2053 pascendas
466 1970 614 2035 dominici
641 1971 746 2056 gregis
773 1989 848 2037 oues
876 1971 994 2054 gaudet
1020 1955 1229 2047 accerume

62 2076 182 2160 cogitet
218 2075 255 2141 de
291 2075 459 2140 commissa
494 2075 556 2140 sibi
592 2077 816 2159 gubernatione
846 2075 1010 2141 iudicium.
1050 2075 1185 2158 peruigil

60 2178 235 2244 adhibenda
255 2178 356 2243 tutela
379 2181 437 2256 est,
461 2178 668 2244 continuanda
691 2179 850 2257 custodia3
873 2199 934 2246 non
958 2179 1078 2245 dandus
1099 2180 1185 2263 lupis

59 2285 224 2366 rapacibus
241 2285 341 2361 locus,
360 2301 421 2347 non
439 2283 515 2348 ullis
534 2285 659 2351 casibus
677 2285 910 2369 relinquendus,
930 2284 1004 2371 quia
1020 2285 1183 2370 neglectus

61 2407 146 2453 error
167 2389 275 2454 ouium
299 2389 391 2470 culpa
412 2391 575 2471 pastorum
598 2395 656 2456 est.
680 2392 794 2472 ueniet,
819 2393 874 2476 qui
896 2393 1031 2457 rationes
1049 2391 1184 2461 creditae

14 2527 41 2564 οο
60 2493 301 2577 dispensationis
316 2494 478 2563 examinet.
503 2497 643 2561 omnium
658 2498 783 2582 quidem
802 2501 925 2564 constet
943 2517 1011 2568 esse
1029 2497 1184 2564 iustitiam
1207 2505 1228 2569 4

59 2618 115 2664 nec
133 2599 192 2663 ulli
214 2600 401 2682 impunitam
422 2601 582 2666 licentiam
603 2604 709 2683 patere
723 2602 888 2685 peccandi;
910 2602 965 2668 sed
984 2602 1055 2686 quis
1068 2602 1184 2688 gradus

59 2705 178 2769 nesciat
196 2725 264 2770 esse
284 2693 465 2771 meritorum
484 2709 517 2771 et
534 2708 618 2771 sicut
635 2727 695 2773 uon
710 2727 814 2792 aeque
830 2709 977 2791 praemia,
996 2708 1042 2773 ita
1060 2709 1184 2774 diuersa

59 2815 91 2875 et
113 2810 290 2895 supplicia?
318 2812 569 2894 multiplicantur
591 2812 762 2879 scientibus
788 2815 910 2900 plagae,
932 2832 1034 2899 pauca
1058 2816 1184 2901 flagella

56 2917 203 3001 leguntur
229 2918 382 2982 inscitiae.
433 2918 516 3001 quod
540 2918 567 2982 si
589 2918 634 2982 ita
661 2921 719 2997 est,
747 2921 842 2986 sicuti
869 2940 1025 2988 essenon
1053 2921 1183 2987 dubium
1206 2949 1226 3014 ς

11 3049 38 3089 οο
57 3025 107 3088 est
129 3023 367 3101 aestimandum,
392 3023 467 3106 quid
483 3024 515 3087 in
539 3042 575 3088 eo
595 3024 704 3089 deceat
726 3044 795 3091 esse
813 3027 975 3109 propositi,
996 3028 1047 3093 cui
1064 3027 1181 3108 alienos

57 3146 180 3211 quoqne
204 3147 322 3193 errores
345 3147 473 3193 necesse
496 3131 546 3193 est
567 3129 739 3212 imputari?
763 3133 878 3197 clamet
901 3136 1028 3199 sanctus
1052 3135 1181 3218 spiritns

54 3253 111 3316 per
146 3236 346 3317 prophetem:
385 3253 402 3299 o
433 3236 621 3316 pastores
656 3235 801 3316 Israel,
830 3240 1020 3322 numquid
1057 3244 1182 3306 semet

54 3339 167 3421 ipsos
200 3343 373 3421 pascunt
403 3341 613 3423 pastores?
644 3360 770 3408 nonne
800 3363 895 3410 oues
922 3349 1211 3431 pascunt'pa-.

141 3582 175 3635 27
194 3581 288 3636 Erech.
307 3581 385 3647 34,2

89 3719 155 3774 rae.
191 3721 259 3775 Dat.
279 3722 374 3788 (smol
392 3739 452 3778 mem
470 3741 528 3795 epp.
547 3729 610 3791 126,
630 3729 692 3786 128.
710 3731 871 3797 reo-132)
892 3747 917 3783 a.
939 3732 993 3784 517
1010 3729 1054 3784 die
1073 3733 1091 3784 3
1108 3731 1177 3800 Ape.

49 3824 99 3876 per
116 3809 276 3863 macedium
293 3815 339 3865 etc,
409 3812 483 3868 an.
505 3812 569 3869 Gar.
587 3813 619 3868 1²
638 3819 709 3882 4635
727 3816 796 3871 Bar.
816 3817 855 3872 ad
873 3834 899 3872 a.
921 3819 1048 3886 517,14,·
1069 3817 1178 3885 Collect,

54 3893 169 3961 Caerite
186 3896 269 3951 Brs
286 3897 308 3951 I
323 3899 396 3966 397,·
415 3900 494 3956 Tbicl
512 3905 576 3957 801.
647 3905 665 3958 4
683 3906 825 3961 conuenire
848 3905 879 3971 V,
898 3922 965 3961 corr.
984 3905 1011 3959 οπ
1080 3907 1097 3961 8
1115 3924 1176 3962 con·

51 3982 134 4036 sciliis
157 3982 188 4047 V,
207 4000 307 4038 ωοοο
347 3986 382 4040 10.
398 3986 485 4042 dicere
508 3988 540 4052 V,
559 4005 660 4044 corre
703 3994 736 4047 12
753 3993 787 4047 ab
806 4009 837 4047 eo
858 4011 885 4047 o:
903 3993 989 4048 habeo
1013 3994 1039 4048 V
1078 3996 1111 4050 li>
1129 3997 1176 4050 ed·

49 4069 132 4123 situm
154 4069 185 4136 V,
204 4087 305 4144 comp
361 4074 394 4127 16
413 4076 527 4129 comissa
549 4077 576 4130 V
625 4080 658 4133 21
677 4079 790 4135 licencia
813 4081 845 4144 V,
864 4097 966 4137 cerno
1018 4084 1131 4154 pacandi
1154 4085 1180 4139 V

49 4158 82 4212 23
102 4161 130 4212 et
147 4161 259 4228 compsi:
278 4165 320 4215 est
341 4161 372 4226 V,
392 4179 449 4217 esse
468 4182 481 4214 ο
549 4166 585 4220 24
603 4167 674 4237 quod
691 4168 775 4224 Bar:
794 4170 858 4240 qnid
880 4171 906 4225 V
