2864 4620
584 274 729 330 Hormisda
746 274 849 327 Iustino
869 273 992 343 Augusto

736 467 844 551 (res.)

269 613 423 658 uoaurson
467 611 592 656 rusrruo
638 611 790 656 auausrc.
858 591 962 655 Lectis
1005 591 1190 656 elementiae
1231 596 1352 657 uestrae

224 701 358 782 paginis,
401 719 479 781 quae
521 699 703 763 restitutam
741 697 814 760 fidei
852 683 1049 761 concordiam
1090 697 1288 776 nuntiabant,
1324 700 1353 762 in

226 807 349 870 diuinae
375 806 479 870 laudis
509 804 666 868 canticum
690 821 777 866 mens
801 803 900 866 totius
925 803 1076 868 ecclesiae
1098 804 1182 867 laeta
1204 806 1354 888 prorupit,

226 931 286 994 quo
315 910 456 976 canitur:
487 909 619 992 gioria
646 909 685 971 in
713 907 891 972 excelsis
920 907 990 972 dcc
1023 912 1064 972 et
1089 909 1126 972 in
1155 912 1261 973 terra
1287 929 1388 992 para

182 1017 457 1081 2hcminibus
498 1016 623 1078 bonae
665 1013 914 1077 uoluntatis!
983 1013 1078 1078 huius
1115 1015 1215 1097 igitur
1251 1016 1355 1099 hymni

225 1123 340 1186 fiducia
369 1122 493 1205 dignam
522 1120 669 1184 fidelibus
698 1119 819 1184 meritis
848 1119 981 1203 gloriam
1004 1120 1250 1202 felicitatemque
1273 1141 1356 1204 prae-

225 1229 349 1294 sumite.
374 1248 475 1310 neque
500 1228 583 1291 enim
605 1231 637 1291 te
661 1227 706 1290 ita
730 1225 786 1289 deo
810 1227 964 1308 placitum
988 1226 1159 1309 principem
1179 1228 1218 1292 ad
1236 1229 1357 1310 imperii

225 1336 377 1398 uerticem
404 1336 561 1398 humanus
589 1335 712 1397 tantum
741 1351 913 1398 consensus
942 1331 1062 1395 auexit:
1091 1335 1122 1396 te
1146 1333 1208 1398 sibi
1230 1334 1356 1399 diuinus

226 1442 316 1506 fauor
343 1443 413 1504 ante
441 1440 632 1503 formauerat
657 1438 848 1519 tradiditque
876 1437 936 1502 tibi
960 1437 1096 1503 Orientis
1119 1439 1298 1521 imperium,
1322 1445 1357 1503 nt
1372 1459 1392 1499 0

226 1548 294 1612 0100
327 1566 457 1629 operum
488 1545 578 1609 fieres
602 1546 858 1619 instrumentum,
887 1547 980 1625 atque
1007 1544 1090 1620 ideo,
1118 1547 1155 1609 ut
1182 1546 1241 1610 hoc
1268 1547 1300 1611 in
1327 1551 1375 1610 te*

228 1653 448 1736 propheticum
482 1652 601 1715 dictum
634 1651 701 1714 iure
735 1650 910 1726 conueniat,
944 1649 1085 1716 efficitis:
1124 1652 1357 1717 constitues

229 1779 295 1825 cos
318 1758 529 1840 principes
550 1777 669 1840 super
688 1776 834 1821 omnem
853 1760 1011 1834 terram;
1031 1776 1223 1834 memores
1243 1763 1358 1824 erunt

229 1866 403 1930 nominis
445 1866 506 1929 tui
547 1866 584 1928 in
626 1863 730 1927 omui
770 1863 961 1947 progenie
1003 1865 1041 1926 et
1083 1865 1356 1947 generatione.

228 1972 343 2036 etenim
372 1983 444 2034 cum
472 1970 531 2034 tibi
559 1970 601 2034 sit
630 1969 840 2036 Christianam
867 1987 976 2051 pacem
1000 1988 1124 2033 seruarc
1147 1971 1356 2052 propositum,
1372 1995 1394 2035 ra

188 2077 208 2138 3
233 2076 303 2159 quis
326 2080 358 2141 te
382 2077 506 2140 dubitet
529 2095 547 2138 a
570 2074 694 2140 Christo
718 2094 794 2139 esse
813 2075 994 2139 delectum?
1061 2075 1139 2139 haec
1161 2076 1264 2158 prima
1286 2081 1361 2142 sunt

229 2183 327 2247 uestri
341 2182 523 2246 fundamina
536 2181 738 2264 principatus,
756 2181 848 2244 deum
862 2180 1005 2262 placasse
1019 2180 1143 2246 iustitia
1157 2184 1188 2245 et
1206 2183 1359 2247 asciuisse

228 2288 322 2354 uobis
358 2287 639 2352 excellentissimae
675 2287 850 2350 maiestatis
888 2286 1010 2362 auxilia,
1049 2286 1122 2350 dum
1164 2287 1358 2354 aduersarios

230 2394 297 2458 eius
337 2394 428 2457 uelut
468 2392 609 2479 proprios
650 2392 858 2472 comprimitis
882 2373 1055 2456 inimicos.
1097 2391 1173 2455 haec
1210 2393 1358 2459 nimirum

228 2499 364 2563 maxima
376 2499 421 2563 rei
436 2498 580 2580 publicae
594 2498 797 2562 fundamenta
812 2500 895 2575 sunt,
910 2498 969 2561 hoc
985 2497 1122 2561 solidum
1141 2498 1358 2582 inuictumque
1374 2525 1396 2565 00

230 2605 333 2669 robur.
358 2623 458 2686 neque
483 2604 563 2667 enim
587 2604 732 2667 humanis
750 2603 868 2668 ictibus
886 2606 992 2685 potest
1011 2622 1080 2668 esse
1099 2604 1255 2687 peruium,
1274 2606 1358 2687 quod

187 2714 208 2780 4
232 2713 282 2774 est
304 2710 428 2774 diuinae
452 2709 569 2794 gratiae
592 2709 738 2773 firmitate
760 2709 925 2775 uallatum.
948 2709 1040 2772 tastis
1065 2714 1113 2773 est
1135 2710 1208 2774 huic
1227 2712 1358 2794 prophe·

229 2816 294 2880 tica
316 2816 481 2898 scriptura,
506 2814 550 2879 ait
573 2815 670 2878 enirn:
696 2815 803 2898 elegi
825 2815 954 2879 Dauid
979 2834 1140 2879 seruum
1168 2835 1292 2880 meum
1321 2821 1358 2882 et

229 2923 267 2986 in
294 2923 381 2986 oleo
407 2923 545 2985 sancto
569 2921 662 2984 unxi
685 2941 786 2997 eunr;
811 2940 947 2984 manus
973 2922 1073 2984 enim
1093 2940 1175 2984 mea
1193 2923 1357 2988 auxilia·

230 3028 343 3090 bitur
366 3028 399 3090 ei
423 3030 460 3091 et
482 3026 690 3090 brachium
714 3046 838 3090 meum
862 3026 1112 3091 confortabit
1136 3047 1230 3091 eum.
1251 3032 1396 3095 contrusa

229 3135 334 3196 autem
362 3133 479 3197 frustra
507 3151 600 3209 arma,
629 3133 745 3195 frustra
768 3132 829 3196 sibi
853 3132 958 3214 copias
983 3134 1114 3215 quaerit,
1140 3152 1233 3215 quem
1257 3135 1357 3218 gratia

317 3378 333 3430 5
350 3374 413 3428 Luc.
434 3376 459 3440 2,
480 3377 512 3429 14
568 3375 600 3429 12
618 3376 716 3430 Psalm.
734 3377 777 3439 44,
799 3377 830 3430 17
850 3393 888 3445 sq.
944 3378 977 3430 23
996 3377 1094 3431 Psalm.
1114 3377 1157 3440 88,
1177 3378 1209 3430 21
1229 3394 1268 3447 sq.

264 3514 324 3569 1118.
396 3513 463 3567 Dat.
489 3516 582 3580 (simul
600 3533 659 3570 cum
682 3533 739 3584 epp.
758 3520 823 3579 169,
843 3520 990 3580 170,174‚
1010 3521 1172 3586 nro-180)
1192 3534 1218 3572 0.
1241 3521 1295 3572 519
1314 3519 1357 3573 die

232 3604 249 3654 9
271 3601 342 3654 Iulii
363 3618 415 3670 per
436 3602 597 3659 Paulinum.
669 3605 743 3658 Edu.
770 3605 833 3658 Car.
857 3603 889 3657 12
914 3608 979 3671 501,·
1002 3606 1071 3661 Bar.
1096 3606 1135 3659 ad
1161 3624 1186 3661 a.
1218 3609 1278 3670 519,
1306 3611 1356 3674 73;

233 3688 338 3743 0011001.
361 3689 477 3757 0000110
494 3691 576 3743 ΒΤΑ
594 3692 615 3744 I
632 3694 698 3758 422,-
721 3691 800 3746 Tba'cl
818 3694 887 3748 877.
940 3692 956 3745 3
974 3694 1121 3748 restituta.
1138 3694 1302 3749 ,concordia
1324 3695 1356 3762 V,

228 3794 324 3847 00000
361 3778 457 3832 610010
475 3779 506 3841 V,
526 3795 594 3833 0000.
609 3778 635 3848 02
674 3780 758 3832 bimni
776 3780 802 3834 V
836 3778 869 3835 10
883 3779 962 3834 fabor
980 3781 1005 3833 V
1039 3783 1071 3836 12
1086 3783 1168 3837 efficis
1183 3782 1215 3856 9²,
1231 3783 1355 3838 efficiatis

232 3867 303 3930 000,
322 3866 422 3920 efficias
444 3867 521 3922 Ball.
547 3867 633 3922 1000.
706 3869 738 3923 13
761 3871 883 3940 principe
904 3887 953 3940 sup
977 3870 1008 3935 V,
1032 3887 1100 3926 0000.
1121 3889 1139 3922 α
1207 3874 1239 3927 16
1257 3890 1308 3943 xpo
1332 3874 1359 3927 V

229 3980 354 4034 arrectum
378 3981 407 4045 r,
427 3997 494 4036 corr.
513 3984 582 4038 aar.
639 3983 671 4036 ra
690 3984 859 4052 magiestatis
876 3984 902 4038 V
952 3987 986 4040 00
1006 3953 1135 4041 utrarum
1155 3986 1181 4040 V
1231 3989 1265 4042 00
1285 3989 1354 4042 earn

227 4067 304 4122 holeo
323 4073 415 4125 sancto
439 4070 474 4125 V:
493 4071 571 4125 holeo
590 4075 682 4125 sancto
700 4089 760 4126 meo
780 4091 796 4123 α
815 4087 874 4128 cam
898 4075 1019 4145 11010010
1082 4077 1116 4130 25
1137 4077 1300 4132 confortauit
1323 4079 1353 4143 V,

228 4170 295 4209 corr.
316 4176 329 4209 0
