2864 4620
477 273 570 355 apso,
582 272 698 328 cnxxv
715 274 733 327 4
751 303 785 312 -
804 262 934 327 cdxxvi
952 272 976 326 3.
1054 255 1056 258 ’
1225 275 1288 339 633

671 466 777 551 (irc.)

205 610 360 656 ncnnrson
382 609 563 654 rusrrnrnuo
592 610 736 656 unusuar.
782 590 1000 661 Benedicimus
1027 591 1183 656 ineffabile
1211 592 1290 656 diui·

156 697 270 762 nitatis
294 697 455 772 auxilinm,
480 697 613 779 quiade
638 697 837 762 ecclesiarum
862 715 939 778 pace
966 697 1185 774 uniuersitatis¹
1207 697 1287 762 desi·

160 802 283 867 derium
307 803 365 867 sub
388 803 615 885 tranquillitate
638 803 825 886 agnouimus
848 803 948 867 fnisse
975 803 1176 886 completum.
1206 802 1290 886 quod

119 908 289 990 squidem
320 927 380 973 non
411 911 534 990 praeter
564 907 739 990 opinionem
771 911 909 992 nostram
942 909 1075 993 contigit
1105 908 1183 986 fieri,
1216 909 1289 992 quia

157 1014 392 1098 religiosissimi
405 1013 543 1098 Augusti
556 1015 751 1097 praesumpti
766 1034 878 1097 genere
892 1031 980 1096 spem
995 1033 1118 1097 semper
1132 1015 1288 1099 gessimus

161 1120 199 1184 de
231 1121 336 1203 quiete
368 1123 400 1186 et
432 1120 618 1185 credidimus
640 1119 819 1186 faciendum
846 1115 904 1185 sub
934 1122 1072 1205 principe
1101 1122 1286 1199 Christiano,

161 1227 284 1308 (quod)
312 1228 350 1292 de
374 1227 560 1292 adunatione
588 1229 654 1291 erat
680 1227 712 1291 in
739 1229 825 1293 uoto.
854 1246 948 1309 quare
976 1228 1103 1292 habebit
1130 1227 1287 1312 gloriosus
1312 1221 1331 1288 2

159 1333 329 1416 imperator
352 1333 389 1397 dc
418 1333 476 1398 hae
507 1352 602 1398 causa
628 1322 859 1415 triumphorum
886 1333 1009 1411 titulos,
1033 1354 1093 1398 non
1117 1333 1230 1418 quibus
1255 1353 1288 1399 sc

113 1461 142 1504 m
161 1438 279 1528 obliuio
302 1439 504 1525 mortalitatis
527 1440 701 1517 interserat,
726 1439 781 1503 sed
805 1458 882 1522 quos
910 1422 1086 1504 diuinitatis
1109 1439 1209 1523 gratia
1228 1441 1286 1504 sub

160 1545 370 1628 perpetuitate
386 1545 556 1624 confirmat,
574 1548 605 1610 et
618 1545 708 1634 uobis
728 1564 851 1627 quoque
862 1538 1014 1612 ‘caelestis
1029 1546 1287 1612 remunerationis

161 1671 221 1715 non
246 1651 345 1716 decrit
367 1652 550 1734 praemium,
575 1651 629 1733 qui
653 1650 820 1716 adiuuistis
844 1652 916 1716 boni
938 1637 1085 1734 principis
1104 1642 1287 1724 institutum

161 1760 255 1838 atque
288 1757 438 1839 obsequio
467 1757 664 1823 conuenienti
692 1757 845 1824 desiderio
874 1758 1032 1822 horrorem
1060 1758 1287 1843 segregationis

160 1863 281 1928 fecistis
320 1863 452 1927 excludi.
493 1863 733 1928 benedictus
776 1863 958 1928 dominus
1001 1864 1098 1928 deus
1139 1866 1285 1940 noster,
1343 1872 1345 1875 ’

121 1970 227 2052 aqui
258 1969 455 2035 uisitauit
484 1971 522 2033 et
545 1970 645 2034 fecit
670 1967 987 2049 redemptionem
1014 1968 1147 2056 plebis
1175 1972 1285 2033 suae!

163 2078 309 2158 superest
331 2095 412 2140 nune
435 2079 481 2153 ut,
506 2075 580 2158 quia
601 2075 694 2139 uobis
717 2072 899 2149 huiusmodi
928 2073 1067 2139 officium
1095 2077 1213 2138 certum
1238 2077 1287 2139 est
1312 2069 1331 2131 3

160 2182 359 2264 prouidentia
390 2181 566 2247 diuinitatis
596 2181 783 2258 iniunctum,
810 2180 994 2262 adcingatis,
1016 2183 1054 2245 ut
1081 2180 1135 2257 ait,
1160 2181 1286 2246 lumbos

162 2291 194 2353 et
206 2287 353 2370 pacificae
368 2288 594 2354 adhortationis
613 2287 735 2352 uiribus
754 2286 993 2369 persequamini,
1009 2305 1027 2349 a
1045 2287 1159 2368 quibus
1177 2306 1286 2368 pacem

161 2412 222 2458 non
258 2394 375 2458 uidetis
413 2393 550 2478 agnosci,
591 2393 724 2459 maxime
761 2393 835 2476 quia
870 2393 988 2476 gloriae
1025 2395 1147 2458 uestrae
1189 2393 1287 2456 detra-

118 2500 257 2578 uehitur,
286 2500 314 2564 si
342 2501 416 2583 quid
438 2501 469 2564 in
493 2501 551 2565 hac
579 2519 674 2566 causa
699 2501 796 2565 fuerit
817 2499 922 2563 minus
954 2499 1128 2580 impletum.
1157 2499 1287 2564 circum-

161 2606 307 2689 inspicite
335 2608 440 2671 omnia
470 2607 531 2671 fide
563 2627 624 2690 qua
660 2607 771 2671 uiuitis
808 2611 840 2670 et
875 2605 1038 2690 diligentia
1073 2623 1135 2688 qua
1170 2604 1287 2688 uigetis

162 2713 313 2777 occurrite
346 2712 490 2778 omnibus
521 2711 712 2793 incursibus,
744 2712 858 2796 quibus
894 2712 1055 2796 religionis
1093 2711 1287 2776 Christianae

160 2819 366 2883 reuerentiam
394 2819 510 2884 uidetis
535 2839 604 2884 esse
631 2822 784 2897 aeratam,
808 2821 846 2882 ut
867 2817 1034 2882 instantiae
1062 2820 1186 2882 uestrae
1213 2817 1286 2880 boni

160 2924 321 3007 possimus
345 2944 416 2989 cum
440 2925 629 2990 exultatione
653 2926 770 2990 dicere:
800 2924 1115 2989 reminiscentur
1143 2926 1181 2988 et
1204 2910 1287 2987 co'n·

251 3185 284 3237 14
302 3185 365 3239 Luc.
387 3184 410 3247 1,
429 3184 463 3238 68
519 3185 551 3238 17
571 3183 603 3238 cf.
622 3184 692 3238 Esai.
712 3184 754 3257 32,
775 3184 806 3237 11
863 3184 897 3237 24
914 3183 1013 3237 Psalm.
1033 3183 1076 3248 21,
1094 3182 1129 3235 28

197 3359 266 3414 lac.
302 3359 369 3413 Dat.
389 3365 421 3412 ut
439 3375 478 3427 ep.
498 3363 562 3415 168.
619 3359 691 3414 Edu.
714 3359 776 3413 Cur.
795 3359 826 3412 ΙΞ
846 3362 919 3425 503,·
940 3357 1049 3414 Collect.
1072 3357 1187 3424 Goueil.;
1205 3356 1287 3410 BTA

161 3448 183 3501 Ι
200 3451 268 3514 426;
290 3448 368 3501 Tliu
386 3450 448 3500 881.
511 3448 753 3516 tagaratipsumti
776 3446 803 3501 V
862 3447 1116 3517 733κ31ιιο31>033Ι
1179 3445 1287 3515 8quod

159 3537 265 3591 inserui
312 3542 404 3592 uotum
429 3537 459 3603 V,
478 3538 595 3605 corruam
611 3537 642 3590 id
659 3537 860 3605 quod'reslituu',
873 3537 1021 3605 requiritur
1034 3537 1115 3590 dium
1133 3534 1301 3589 amulium.

160 3627 332 3695 epulaturae
352 3626 534 3680 coucouuutiu
552 3626 690 3693 (auxilium
705 3666 711 3680 .
727 3625 909 3679 :desiderium
922 3665 928 3678 .
943 3667 949 3678 .
965 3624 1135 3694 completum,
1154 3631 1250 3693 genere
1262 3663 1282 3676 ..

163 3715 260 3784 quiete,
279 3714 431 3769 Christiano
442 3759 448 3771 .
460 3755 466 3768 .
476 3716 540 3767 uoto
555 3718 613 3776 ete.)
651 3713 736 3782 lO-rq⁴
750 3728 829 3782 super
843 3711 976 3782 petuitate
990 3711 1020 3776 V,
1036 3727 1102 3766 corr.
1113 3728 1131 3761 α
1143 3727 1216 3764 mou.
1235 3726 1286 3764 rec.

163 3805 194 3857 ll
215 3803 353 3857 confirmet
365 3803 427 3856 edit.
445 3819 496 3872 rep.
515 3818 610 3857 euersa
626 3801 797 3871 syllabarum
815 3800 997 3855 couseuuutiu
1014 3801 1186 3869 (interserat.
1203 3840 1208 3852 .
1225 3815 1285 3852 eon-

162 3892 260 3960 firmat)
334 3892 367 3945 12
386 3891 486 3945 descrit
507 3891 537 3956 V,
556 3907 624 3945 corr.
644 3887 671 3941 ο2
750 3888 878 3942 adiuuisti
900 3889 932 3951 V,
947 3904 1014 3943 corr.
1036 3886 1099 3942 Cur.
1173 3888 1205 3941 13
1224 3877 1286 3944 con-

162 3978 295 4035 uenientia
319 3980 350 4042 V,
368 3996 437 4035 corr,
456 3980 518 4034 edit.
537 3996 589 4049 rep.
685 3979 717 4032 16
734 3977 919 4034 huiuscemodi
936 3976 1018 4045 uulqo
1037 3992 1096 4029 cum
1115 3993 1132 4026 α
1201 3976 1232 4028 19
1251 3984 1287 4042 ga

160 4068 235 4136 quod
253 4075 316 4123 aule
333 4069 435 4137 gloriae
454 4068 557 4122 33131131
570 4068 597 4122 V
608 4067 658 4121 del.
679 4066 792 4122 Hurtel:
810 4050 859 4136 gra
877 4067 921 4138 (=
937 4065 1034 4134 gratia)
1052 4082 1077 4128 α,
1097 4063 1200 4132 petiae
1222 4062 1294 4116 Cur<

161 4156 195 4210 22
214 4156 265 4210 hcc
288 4157 385 4210 currite
408 4156 438 4221 V,
458 4172 558 4210 corno
611 4155 728 4210 aaroni
750 4155 785 4208 V:
804 4154 872 4207 bens
893 4151 919 4203 ο2
