2902 4628
416 313 502 384 epac.
520 311 771 369 cnmxvo-
790 309 969 401 eorunm
986 313 1012 367 5.
1215 315 1278 378 655

665 505 771 589 (lae.)

353 648 510 694 EXEIPLU!
531 648 701 694 mPIsuotAu
723 648 898 694 mammam
919 648 1083 694 munaum.

200 755 333 821 Domino
356 757 462 820 nostro
485 755 559 820 Iesu
584 753 709 820 Christo
730 755 856 819 fauente
878 755 989 838 regnat
1010 752 1042 817 in
1065 754 1201 832 saeculo,
1225 754 1280 836 qui

159 879 244 926 sacra
264 859 416 946 religione
435 879 528 925 suarm
547 861 659 925 lundot
676 860 852 942 imperium,
872 859 1017 942 quoniam
1035 860 1111 924 bene
1130 858 1283 944 gubernat

135 989 146 1028 a
159 967 300 1046 hnmana,
312 968 366 1050 qni
375 967 461 1050 prius
472 965 811 1050 diuinaplad<a>uerit
822 965 905 1048 quod
915 965 1129 1048 praesentibus
1139 966 1281 1033 euenisse

159 1072 348 1154 temporibus
380 1074 584 1154 gratulamur.
615 1071 700 1136 filius
733 1069 848 1141 etenim
880 1071 986 1134 uester
1018 1064 1280 1135 clementisimus
1305 1070 1324 1130 2

158 1177 325 1260 imperator
356 1177 550 1243 aeternitatis
581 1176 731 1242 beneficio
755 1179 878 1259 sceptra
901 1175 1031 1240 sortitus
1065 1174 1139 1240 fidei
1171 1194 1281 1240 causas

160 1283 286 1365 arripuit
314 1283 509 1367 explicandas
538 1285 568 1348 et
596 1283 634 1348 ad
661 1285 748 1346 tuam
777 1282 974 1347 sanot'tatem
1002 1281 1099 1346 missa
1125 1282 1281 1366 legatione

159 1389 238 1453 sedis
267 1389 458 1472 apostolicae
489 1389 718 1472 promeruimus
756 1387 943 1464 sacerdotes,
981 1406 1113 1469 quorum
1144 1388 1281 1456 aduentu

125 1515 144 1554 ro
160 1513 214 1559 non
237 1494 437 1560 mediocriter
454 1494 592 1559 adoleuit
610 1494 812 1559 ecelesiarum
833 1493 996 1558 eoncordia
1014 1496 1287 1558 sacrosanctarumw

159 1600 244 1665 nobis
267 1600 468 1678 instantibus,
492 1603 529 1665 nt
550 1599 688 1666 decebat.
711 1600 818 1665 Aeacii
841 1618 986 1682 namque,
1011 1598 1094 1681 quod
1114 1598 1281 1665 discidium

158 1706 334 1788 generabat,
364 1706 487 1770 nomine
515 1706 658 1789 stirpitus
686 1707 847 1788 amputato
875 1725 930 1789 pro
958 1708 1064 1769 tenore
1091 1705 1280 1782 libellorum,

159 1828 232 1891 quos
253 1809 420 1888 direxistis,
443 1811 474 1875 in
498 1813 556 1876 hac
579 1812 655 1875 urbe
678 1810 766 1896 regia
783 1810 955 1892 multisque
975 1810 1160 1876 ciuitatibus
1174 1806 1282 1876 unitas

160 1918 262 1998 optata
293 1917 447 2000 prouenit,
479 1936 572 1999 quam
604 1917 736 1982 summis
764 1916 924 1980 inuentam
955 1915 1113 1980 laboribus
1141 1916 1283 1980 uenerari

126 2043 146 2083 n
159 2021 302 2086 conuenit
316 2022 346 2086 in
360 2025 548 2106 perpetuum
566 2022 779 2104 custodirique
798 2041 926 2086 necesse
945 2024 995 2086 eet
1012 2040 1068 2085 nec
1088 2020 1285 2104 quibuslibet

160 2127 348 2211 argumentis
387 2129 548 2200 retractari
589 2128 745 2212 quispiam
784 2128 932 2212 patietur,
974 2146 1052 2210 quae
1094 2128 1284 2212 sempiterna

158 2232 302 2299 maiestas
316 2235 375 2298 rite
392 2235 577 2318 composuit.
624 2235 679 2299 sed
702 2233 774 2317 quia
791 2252 956 2317 prosperos
976 2252 1087 2299 cursus
1106 2233 1284 2317 frequentor
1307 2235 1327 2297 3

159 2337 307 2422 impedire
333 2339 463 2404 festinat
488 2339 617 2404 hnmani
645 2339 767 2430 generis
793 2339 952 2417 inimicus,
978 2358 1049 2422 pars
1078 2337 1283 2404 Orientalium

159 2462 216 2509 non
235 2444 336 2510 exiliis
355 2465 412 2510 neo
430 2447 510 2511 ferro
528 2445 724 2528 flammisque
744 2445 890 2528 compelli
911 2446 1026 2528 potest,
1045 2447 1082 2509 ut
1100 2444 1285 2511 condemnet

124 2571 146 2614 a
160 2550 374 2632 episcoporum
388 2545 594 2634 nom'inapost
606 2551 756 2616 Acacium
771 2551 1005 2628 defunctorum3
1020 2569 1100 2633 quoe
1115 2536 1284 2616 difficultas

160 2657 294 2738 generali
326 2656 507 2729 concordiae
528 2675 642 2723 ,moras
673 2657 815 2723 innectit.
866 2657 1016 2722 sanctitas
1043 2656 1150 2739 itaque
1178 2659 1284 2722 uestra
1307 2660 1328 2720 4

161 2762 288 2828 caelitus
320 2762 472 2845 inspirata
498 2782 601 2842 rerum
628 2765 868 2847 temporumque
896 2762 1081 2846 qualitatem
1110 2762 1286 2827 consideret

161 2869 190 2932 et
203 2869 417 2934 condemnatis
435 2868 529 2934 huius
549 2869 658 2936 erroris
677 2869 868 2949 auctoribus,
887 2869 921 2934 id
939 2867 1115 2934 ceticacio
1135 2868 1285 2935 Constan-

161 2971 372 3057 tinopolitano,
386 2975 479 3039 Petro
502 2993 538 3040 ao
556 2975 720 3040 Timotheo
743 2976 838 3041 Eluro
854 2978 886 3039 et
902 2975 1054 3041 Dioscoro
1068 2960 1285 3039 Alerandribis

119 3079 148 3140 'a
162 3076 311 3163 Petroque
334 3079 539 3162 Antiocheno,
563 3080 650 3144 finire
674 3066 820 3164 dignetur
840 3081 1051 3145 inueteratum
1071 3083 1226 3145 certamen
1247 3081 1284 3145 de

164 3186 342 3251 ceterorum
359 3185 536 3251 nominibus
560 3185 742 3268 quaestione
771 3187 883 3269 sopita,
911 3190 948 3249 ut
973 3185 1133 3251 redimatis
1161 3186 1286 3270 plebem

164 3287 197 3353 de
219 3291 382 3376 sanguine,
411 3310 505 3374 quam
533 3291 611 3356 deus
634 3293 741 3356 noster
766 3291 935 3376 regendam
963 3291 1133 3370 commisit,
1162 3309 1197 3356 ac
1225 3311 1286 3357 non

164 3397 430 3472 persecutionibus
458 3400 491 3461 et
517 3416 625 3462 cruore
653 3398 708 3462 sed
734 3398 886 3482 patientia
918 3397 1104 3463 sacerdotali
1134 3397 1287 3481 populum

161 3497 283 3582 ¹domino
313 3507 420 3568 nostro
448 3500 633 3578 concilietis,
661 3523 709 3583 ne,
738 3504 812 3569 dum
840 3507 989 3569 uolumus
1018 3504 1135 3569 animas
1161 3495 1286 3582 lucrari,

132 3628 153 3666 a
168 3606 195 3668 et
224 3626 353 3692 corpora
382 3609 555 3672 multorum
586 3607 753 3692 perdamus
784 3610 815 3673 et
847 3608 977 3673 animas.
1023 3627 1141 3674 errores
1173 3607 1287 3672 etenim
1312 3605 1331 3667 5

199 3849 261 3905 isc.
314 3849 384 3904 Dat.
401 3855 433 3904 at
451 3853 571 3918 cp.192.
638 3851 713 3906 an.
735 3851 797 3904 Gor.
817 3849 847 3904 1²
867 3853 939 3919 5425
955 3850 1024 3904 Bor.
1045 3851 1083 3904 ad
1101 3868 1127 3905 a.
1149 3853 1215 3914 520,
1236 3851 1291 3917 35,-

172 3935 270 3998 coibat.
293 3929 510 4006 Ooncil.;1'ba'el
529 3942 593 3993 920.
661 3940 741 4009 5qui
764 3939 801 3994 V.-
820 3940 895 3994 cuio
965 3938 1098 4008 placuerit
1120 3938 1152 4001 V.
1171 3939 1290 3992 corraei:

169 4022 342 4090 placuerinto
424 4029 539 4082 icauna
560 4027 592 4092 V,
611 4037 678 4082 corr.
698 4027 725 4078 ο2
806 4030 836 4081 11
855 4027 933 4082 uobis
954 4026 1017 4082 Car.
1076 4028 1132 4082 *14
1150 4026 1245 4081 obtata
1266 4025 1294 4079 V

171 4111 198 4164 15
214 4117 424 4190 perpetuumque
444 4115 572 4172 custodiri
591 4103 690 4186 tropssp
760 4133 809 4170 nec
832 4116 868 4170 V:
886 4117 953 4170 hacc
974 4101 1036 4171 qu.
1089 4115 1139 4170 ’23
1157 4115 1244 4169 acatio
1266 4112 1294 4166 V

169 4196 199 4251 30
215 4201 326 4270 pdamus
349 4202 381 4267 V,
401 4219 470 4258 corr.
490 4203 518 4268 o²

192 4324 272 4368 xxxv.
281 4335 334 4376 pm
347 4327 366 4366 a.
1177 4307 1220 4360 «42
