2864 4620
432 98 549 152 Index
575 114 696 153 rerum
724 101 759 153 et
785 99 985 167 uerborum

1223 104 1286 168 855

171 290 289 345 15151155
307 290 441 345 mentibus
460 290 543 363 71822,
561 291 633 345 absit
648 291 700 345 hoc
761 291 853 345 1551561
870 294 976 346 uestrae
995 292 1108 346 credidit
1125 292 1286 362 publicanda

169 394 187 431 a
203 379 277 432 uotis
303 379 402 431 nostris
426 378 495 449 2622;
519 377 591 431 absit
608 379 699 431 tamen
761 378 891 433 relationi
920 396 996 434 meas
1031 382 1155 434 uniuersa
1185 381 1286 435 subieci

169 469 215 520 ut·
234 467 318 539 29222,
337 466 408 520 absit
426 483 441 519 5
459 465 536 520 uobis
556 468 599 519 ut·
615 467 698 538 34922,
761 468 819 539 632;
830 467 1064 522 555155561551655
1073 485 1140 538 quae
1151 469 1285 524 subiectae

167 554 219 609 sed
238 555 321 609 abrit:
346 554 417 608 absit
438 558 482 607 ut·
505 554 559 626 232.
578 554 649 608 absit
665 571 699 607 55
761 559 824 608 5556
846 555 1001 625 gaudilani
1024 573 1115 618 555555
1138 556 1215 627 plebs
1232 559 1285 612 Ro·

170 645 317 714 quicquam
334 660 382 697 nos
401 646 507 712 separet
524 643 598 716 55022
760 661 839 698 5555
856 648 957 710 6556565
975 649 1017 700 556
1034 645 1091 718 8122

118 736 273 786 accentus:
293 749 372 801 quam
386 737 431 797 (sc.
445 732 623 801 5511551155)
638 732 699 786 555
727 734 874 788 accumulo:
911 737 1105 789 ut...statum
1141 735 1227 805 plebis
1259 740 1287 790 56

168 820 309 890 despicitis
328 821 449 874 excitatis
468 823 499 873 56
515 820 612 890 longae
630 821 698 875 tole·
760 819 906 875 modestiae
931 821 1018 891 gloria
1042 824 1070 876 et
1093 821 1169 877 bonis
1188 825 1289 879 securi·

166 909 275 962 rantiae
294 907 449 978 desperatos
468 912 556 962 sumat
574 912 699 963 accentus
760 910 825 964 tatis
858 909 1006 964 accumulet
1036 910 1093 983 522ς
1126 909 1286 965 dementiam

166 998 215 1069 552
228 1060 230 1064 ,
761 1014 823 1052 suae
841 997 969 1056 nouitatis
988 999 1156 1054 accumulant
1169 997 1285 1053 adicien-

113 1088 247 1155 accepta
264 1085 309 1155 (sc.
329 1085 457 1154 epistula)
478 1087 575 1156 lepitur
591 1087 623 1139 io
641 1087 700 1156 fiae
760 1089 861 1143 tes
880 1087 941 1159 8702

166 1174 304 1243 epistulae
329 1173 424 1228 55151165
449 1175 492 1228 die
516 1190 567 1242 quo
593 1192 652 1229 eam
675 1176 699 1229 15
727 1177 914 1232 accusationes:
929 1175 1041 1245 pro-ad
1062 1175 1108 1230 acl
1129 1176 1157 1229 15
1175 1192 1198 1230 5.
1216 1191 1285 1230 occ:

166 1262 210 1316 551
235 1279 312 1331 quem
340 1263 408 1316 51515
432 1269 492 1316 erat
516 1264 618 1332 accepit
641 1264 697 1336 8022
760 1265 944 1320 8555555655
958 1264 1094 1319 5151656565
1108 1264 1285 1334 praesentiam

760 1370 834 1407 suam
857 1358 989 1407 maturare
1005 1369 1059 1406 non
1077 1351 1202 1406 5111155556
1219 1353 1284 1424 6522,

760 1442 946 1511 -155555655
964 1440 1069 1506 litteras
1088 1444 1210 1510 quartum
1224 1444 1286 1510 post

760 1528 952 1584 ordinationem
971 1529 1027 1583 eius
1045 1527 1115 1583 diem
1137 1529 1285 1592 transmisi-

759 1635 817 1672 mus
835 1618 917 1691 68222,
936 1616 1142 1672 —·obsolutus.·
1164 1617 1285 1686 Scampis

759 1709 927 1777 5555551155
946 1705 1096 1776 Stephanus
1114 1706 1141 1759 et
1158 1703 1285 1758 Leontius

759 1797 787 1849 iu
806 1797 941 1850 tccarsnm
959 1791 1284 1863 556155555556-67122.

760 1914 792 1923 -
817 1883 992 1940 5555556555
1018 1895 1078 1935 crem
1099 1879 1239 1947 infinitiao
1260 1895 1284 1933 5.

167 1351 233 1422 1172
258 1351 332 1422 49722
355 1350 417 1422 5002
437 1351 510 1423 50222
530 1351 604 1423 56022
623 1351 697 1423 59222

165 1438 235 1511 6182
258 1441 331 1512 65422
355 1441 429 1512 65622
452 1440 514 1512 6592
538 1440 599 1510 6712
623 1441 697 1512 67422

165 1527 233 1599 6882
253 1528 419 1601 6872269022
439 1529 511 1601 60622
531 1529 604 1599 70322
624 1528 696 1600 71022

113 1615 295 1686 acceptabili
318 1615 367 1669 deo
390 1616 530 1670 uoluntate
552 1617 636 1688 50522,
654 1631 697 1670 ac·

165 1703 328 1774 captabilior
347 1703 397 1758 deo
417 1706 478 1777 1472

113 1792 267 1862 acceptio:
287 1792 332 1846 ubi
349 1792 425 1846 nulla
442 1795 484 1846 556
500 1793 620 1863 55555615
638 1809 697 1863 per·

166 1897 294 1935 sonarum
312 1882 386 1954 47322

115 1971 258 2039 accepto:
278 1967 466 2039 acceptandam
489 1984 579 2038 pacem
601 1969 696 2023 talium
758 1971 916 2042 infinitivus

168 2058 428 2130 55155555552822
724 2059 909 2131 555151170422
1025 2102 1027 2106 ⁴

121 2146 264 2201 accersio:
283 2145 390 2218 propria
403 2145 551 2201 accersione
565 2146 697 2216 requieuit
725 2148 866 2204 acerbitas:
889 2147 976 2201 155655
995 2161 1023 2199 55
1045 2161 1134 2200 eorum
1153 2142 1283 2197 acerbitas

169 2236 200 2301 (ι’.
233 2251 254 2288 e.
285 2236 412 2289 55155511
440 2240 524 2288 morte
555 2234 698 2302 defunctus
760 2240 788 2292 et
813 2253 866 2290 non
891 2237 996 2289 matura
1022 2249 1082 2288 esca
1108 2232 1208 2304 20022;Ι
1223 2234 1284 2301 5556

168 2321 219 2391 eat)
237 2322 295 2393 282,
759 2327 848 2380 tantas
866 2323 1026 2387 acerbitates
1039 2319 1283 2376 incommoditates·

128 2429 253 2467 accerso:
273 2411 352 2465 Osius
364 2410 470 2465 Potami
484 2411 592 2480 querela
610 2427 696 2466 accer-
760 2431 811 2485 que
828 2410 974 2467 mundanas
991 2410 1065 2482 22022

169 2502 238 2555 51655
257 2501 291 2554 51
310 2499 498 2554 Constantium
517 2501 560 2572 152
725 2503 834 2558 achates
866 2500 940 2572 74522
972 2499 1033 2570 7462
1061 2498 1135 2568 75422
1162 2532 1183 2568 22
1212 2532 1234 2568 22
1261 2532 1282 2567 22

132 2605 269 2644 accessus:
288 2605 334 2659 per
347 2605 468 2642 55555555
482 2587 696 2661 praecedentium
760 2590 842 2662 75722,
858 2603 917 2658 pen.
937 2586 1026 2642 achati
1044 2586 1079 2656 (i)
1099 2586 1169 2656 7582,
1194 2614 1227 2624 -
1251 2584 1283 2638 de

169 2682 319 2747 temporum
342 2692 458 2731 errorum
481 2677 623 2746 augmenta
642 2691 696 2731 cre·
758 2677 848 2748 lapide
867 2676 962 2731 achate
980 2675 1055 2745 75422
1072 2688 1126 2743 sqq.

169 2768 267 2819 uemnt
284 2767 357 2838 73722
725 2765 837 2820 55511655
857 2765 930 2837 11122
952 2764 1013 2835 1122
1032 2799 1054 2835 22

134 2853 250 2923 accipio:
265 2853 421 2923 religionem
435 2852 579 2923 inquietari
591 2852 701 2923 556155-1
724 2855 796 2907 acta:
823 2852 915 2906 eadem
942 2867 1009 2921 quae
1036 2850 1191 2920 optulerunt
1217 2847 1284 2903 actis

168 2944 212 2995 ter
229 2942 362 3011 555151556
379 2941 435 3014 5622
758 2941 860 2996 inserta
884 2939 1022 2995 transmisi
1049 2940 1102 3011 672,
1126 2937 1285 3008 exemplaria

134 3030 302 3085 acclamatio:
325 3029 448 3089 Sir-icium
461 3029 500 3083 515
513 3044 636 3099 praeesse
654 3044 695 3082 sa·
758 3032 876 3083 actorum
901 3028 969 3097 (cod.
992 3031 1140 3094 auctorum)
1165 3027 1237 3099 1082,
1254 3029 1285 3079 56

170 3117 287 3172 cerdotio
324 3118 476 3182 uoluerunt,
507 3120 538 3171 ut
575 3116 697 3172 Ursinum
759 3120 819 3172 5565
835 3121 929 3172 nostra
945 3117 1099 3171 contineant
1115 3117 1179 3187 4752

170 3205 406 3260 acclamationibus
432 3201 641 3278 515155556482;
668 3205 697 3258 15
724 3208 812 3261 actus:
831 3220 898 3275 quos
915 3221 1003 3260 rerum
1021 3206 1096 3258 actus
1113 3203 1176 3259 fidei
1195 3202 1283 3258 decla·

170 3311 223 3349 una
241 3294 430 3355 acclamatione
445 3296 473 3348 et
485 3295 573 3364 ipsum
591 3293 656 3363 eligi
670 3296 698 3348 et

170 3386 272 3438 ceteros
290 3382 434 3453 improbari
451 3383 511 3455 4⁸13
529 3381 695 3437 Bonifatium

169 3470 360 3526 acclamatione
377 3470 572 3541 656155555511
589 3474 618 3524 56
635 3487 696 3525 cou-

170 3576 248 3613 sensu
267 3560 404 3614 meliorum
424 3559 696 3614 515165615555151555

169 3650 225 3719 642.
239 3679 271 3688 -
282 3652 358 3717 gesta
372 3648 591 3702 acclamationum
603 3648 696 3719 populi

170 3752 238 3805 quae
263 3735 375 3805 singulis
401 3734 495 3790 diebus
518 3735 612 3790 habita
635 3738 698 3791 5556

169 3824 295 3878 relationi
324 3840 399 3878 meae
431 3823 531 3878 subieci
562 3824 631 3897 6022;
666 3841 697 3879 55

170 3930 239 3982 quae
269 3913 382 3983 5555155
414 3914 548 3967 Romanus
584 3911 697 3968 diuersis

169 4000 404 4058 acclamationibus
422 4019 504 4072 agens
522 4003 623 4072 gratias
641 4018 697 4056 55·

758 3297 801 3348 rat
817 3293 900 3349 151555
918 3293 1041 3349 custodes
1059 3292 1142 3366 50022.
1162 3323 1194 3332 -
1208 3290 1284 3360 plur.

759 3385 834 3437 actus
857 3386 902 3448 (=
919 3381 1011 3450 sacta,
1033 3397 1077 3435 res
1096 3385 1196 3452 555155)
1222 3379 1283 3450 1372

760 3469 833 3542 14622
865 3468 938 3542 36022
969 3505 991 3541 22
1023 3468 1097 3540 36222
1129 3468 1191 3539 6052
1221 3466 1284 3537 6402

758 3557 820 3631 6812
834 3557 910 3630 60322
923 3577 957 3630 22;
975 3556 1180 3627 primiscrinium
1198 3557 1226 3609 et
1243 3569 1285 3609 re-

757 3646 859 3715 liquum
878 3645 995 3700 officium
1017 3644 1088 3715 quod
1109 3644 1163 3699 6515
1181 3642 1285 3698 actibus

758 3732 922 3788 obsecundet
939 3733 997 3806 782;
1016 3735 1044 3788 15
1061 3752 1104 3791 55
1118 3737 1211 3790 555565
1223 3749 1285 3809 syn-

757 3821 823 3876 odus
851 3821 981 3878 bonorum
1007 3826 1114 3882 actuum
1142 3840 1174 3878 55
1199 3824 1284 3880 clerus

758 3912 874 3982 pastoris
904 3911 1044 3967 transtulit
1074 3914 1174 3967 sortem
1200 3913 1284 3985 52222,

758 4000 888 4055 bonorum
908 4005 1013 4056 actuum
1036 4001 1135 4056 clerum
1153 4016 1184 4055 ac
1201 4017 1284 4070 popu·
