2864 4620
535 291 620 361 apae.
640 289 684 346 cv
702 292 779 346 a-r.
1154 297 1218 362 cor
1280 308 1281 312 ι

98 486 214 566 uestris
237 483 431 567 temporibus
454 483 544 548 uelut
567 483 737 550 secuudum
748 483 912 654 tprincipat
912 504 966 549 um
990 485 1078 566 sedes
1097 489 1219 569 aposto

98 592 158 656 lica
191 592 305 656 honore
337 588 519 673 congruenti
552 589 762 670 suscipiatet
789 591 888 661 omnis
916 588 1071 656 discordia
1096 593 1222 657 recedat

100 709 134 761 ιι
158 697 291 761 ecclesia
310 696 448 759 omnium
467 697 609 759 nostrum
628 695 781 772 catholica
798 696 910 760 uolunt
912 698 971 773 a,te
990 696 1107 761 domiui
1125 699 1218 762 etiam

99 805 132 866 et
158 802 208 867 dei
234 801 334 866 nostri
355 801 427 864 lesu
451 800 577 878 Christi,
605 803 637 865 et
657 800 839 865 Nestorium
865 804 897 865 et
919 802 1079 884 Eutychen
1105 802 1220 884 impios

68 911 133 976 ιιι
157 908 269 973 horum
298 909 458 971 seruantes
481 907 627 990 dogmata
647 910 682 971 -ιι
704 906 757 993 qui
779 908 920 972 istorum
937 905 1023 973 suere
1050 912 1221 974 sectatores

99 1016 154 1078 aut
177 1015 283 1078 extant
304 1017 335 1077 et
359 1031 481 1076 omnem
506 1012 657 1077 haeresim
687 1013 1013 1079 anathematizantium
1041 1032 1163 1096 semper
1188 1019 1222 1080 ιι
1272 1079 1274 1082 .

97 1122 214 1184 rectam
242 1122 335 1201 atquc
361 1118 665 1183 incontaminabilem
691 1117 819 1182 fidem
811 1136 1028 1184 inconcussam
1054 1122 1219 1203 tamquam

98 1225 264 1290 anchoram
296 1226 411 1289 certam
443 1226 536 1306 atque
566 1224 731 1290 firmamt
717 1228 823 1289 tenent
823 1226 890 1289 ium
914 1225 949 1289 ιι
975 1218 1152 1314 paratorum
1180 1227 1218 1290 ad

97 1350 217 1415 pacem,
245 1331 362 1410 nullo,
372 1330 456 1412 quod
483 1331 576 1407 absit,
604 1331 801 1414 impediente,
832 1319 1014 1414 praesertim
1043 1326 1217 1399 uenerando

55 1468 79 1506 ιι
98 1438 200 1519 capito
223 1439 340 1509 uestro
364 1437 446 1501 sicut
432 1436 645 1513 tdidicimus‚
669 1436 810 1501 homines
833 1429 1042 1503 contentiosos
1065 1437 1218 1516 horrente,

59 1539 61 1542 ’
98 1542 212 1624 quibus
246 1544 277 1606 et
307 1540 375 1606 uita
407 1546 439 1606 ιι
470 1561 543 1607 esca
574 1545 623 1606 est
654 1542 851 1606 sacerdotum
879 1542 929 1606 dei
959 1542 1040 1606 inter
1067 1561 1100 1607 se
1127 1544 1219 1607 alter·

97 1647 235 1712 cantium
260 1647 424 1730 separatio,
447 1651 566 1713 utnon
590 1648 627 1712 ab
652 1641 795 1712 omnibus
818 1648 970 1730 uelociter
996 1649 1115 1732 cogniti
1140 1651 1218 1713 tam-

96 1772 190 1834 quam
216 1752 284 1834 lupi
311 1753 342 1817 in
365 1753 563 1818 uestimentis
587 1753 694 1818 ouium
716 1753 808 1818 facile
831 1754 869 1818 ab
892 1754 1064 1837 apostolica
1086 1754 1219 1819 ecclesia
1267 1797 1269 1799 >

94 1859 294 1941 repellantur.
360 1859 423 1923 ista
444 1878 527 1924 nunc
550 1859 661 1942 scripsi
683 1859 773 1924 beato
798 1859 893 1942 capiti
914 1863 1019 1925 uestro
1042 1879 1097 1943 per
1118 1859 1218 1937 Patri-
1242 1857 1262 1920 5

50 1989 76 2030 ιι
95 1963 179 2030 cium
202 1965 415 2048 spectabilem,
439 1983 635 2029 communem
657 1964 768 2042 filium,
792 1967 824 2029 ιι
847 1969 977 2030 consuet
963 1965 1081 2030 tudinis
1104 1965 1195 2029 effect
1181 1968 1217 2029 ιιι

94 2089 243 2153 superans
271 2071 424 2135 rationem
451 2073 483 2137 et
509 2071 591 2135 circa
617 2070 703 2134 illam
730 2070 855 2134 beatam
882 2070 988 2135 sedem
1016 2071 1127 2135 caritat
1112 2070 1217 2136 tdee

94 2176 224 2240 uinctus
254 2178 286 2240 et
317 2177 400 2242 omni
432 2175 481 2240 ιιι
513 2176 620 2241 uidere
652 2176 830 2241 desiderans
866 2179 1088 2260 congruentem
1123 2178 1217 2257 atque

94 2280 231 2345 debitam
258 2282 490 2346 uenerationem
519 2282 553 2346 ei
576 2282 703 2346 seruari.
771 2280 872 2347 scribe
902 2283 1009 2367 igitur,
1036 2281 1068 2346 in
1096 2281 1262 2346 cunctisti

94 2383 192 2461 beate,
215 2389 376 2468 tamquam
395 2387 547 2452 unianimi
565 2389 658 2470 atque
678 2388 797 2471 optanti
816 2389 950 2452 animam
968 2406 1092 2469 quoque
1111 2387 1217 2452 offerre

48 2522 76 2561 ao
94 2510 149 2574 pro
173 2491 233 2556 fide
258 2492 428 2558 orthodoxa
451 2496 483 2558 et
501 2493 703 2558 ecclesiarum
721 2512 797 2575 pace
816 2496 993 2558 sanctarum
1012 2496 1044 2556 ct
1060 2495 1097 2558 ut
1115 2494 1220 2557 custo·

93 2596 218 2661 diantur
243 2599 435 2663 uenerandae
459 2598 526 2663 sedi
547 2599 577 2662 ιιι
602 2596 746 2664 omnibus
773 2597 858 2664 beati
879 2599 965 2664 Petri
992 2598 1218 2664 conuenientia.

93 2703 176 2785 quod
207 2704 297 2768 facile
330 2701 393 2769 fiet
417 2705 557 2770 ardinata
576 2694 709 2769 ‘unitate
741 2695 924 2793 cunctorum
953 2706 984 2768 ιι
1011 2705 1151 2771 omnium
1178 2704 1217 2768 ad

93 2827 151 2874 uos
187 2813 347 2898 tamquam
384 2811 422 2874 ad
457 2809 582 2875 firmum
618 2810 835 2875 festinantium
866 2813 1005 2893 portum3
1047 2809 1217 2874 diuisioncs

92 2915 209 2979 etenim
241 2919 273 2980 et
301 2921 403 2980 cetera
435 2919 631 2980 contemnere
664 2918 855 2980 consuerunt
886 2918 918 2980 ιι
949 2915 1045 2979 ordini
1074 2915 1218 2979 ‘decentia

48 3050 75 3092 ιι
94 3040 155 3085 non
179 3024 314 3086 seruant.
383 3040 508 3085 omnem
530 3021 766 3098 fratemitatem,
790 3040 869 3107 quae
891 3024 941 3086 est
961 3024 1083 3085 uestrae
1106 3020 1217 3085 sancti·
1240 3023 1260 3085 7

90 3126 151 3191 tati
183 3127 358 3202 coniuncta,
392 3136 460 3211 ego
479 3131 511 3192 et
538 3119 591 3209 qui
618 3146 743 3192 mecum
770 3131 845 3191 sunt
871 3127 1007 3211 multum
1034 3127 1064 3190 iu
1092 3120 1216 3191 domiuo

92 3232 277 3300 salutamus.
325 3224 371 3298 ἰι
393 3253 470 3298 aurs
491 3253 592 3299 ranis:
617 3233 739 3300 Saluari
754 3251 805 3297 me
823 3233 854 3296 in
867 3231 997 3318 domino
1017 3234 1112 3309 orate,
1130 3250 1217 3296 sanc-

90 3338 209 3403 tissimi
231 3343 264 3404 et
285 3338 461 3403 beatissimi
483 3341 607 3421 patres!
667 3337 805 3420 Accepta
827 3338 961 3421 epistola
982 3337 1133 3407 Dorothei
1154 3337 1218 3420 epi-

179 3530 213 3583 13
232 3528 264 3582 cr.
283 3527 380 3584 ιιιιιι.
400 3529 424 3592 ι,
444 3529 477 3583 ιι
506 3512 508 3514 ’

126 3642 140 3695 1
160 3643 258 3695 nostris
280 3641 342 3699 Gar.
397 3641 468 3696 sedis
487 3642 633 3715 apostolice
655 3641 687 3707 V,
706 3643 811 3702 correxi
863 3643 880 3694 2
897 3641 991 3695 honori
1010 3640 1165 3711 congruenti
1183 3641 1216 3709 V,

90 3746 158 3786 corr.
177 3748 204 3801 p:
222 3730 349 3784 honorem
369 3735 559 3801 congruentem
576 3729 607 3782 α’
672 3731 688 3785 3
708 3747 738 3784 ιι
750 3730 871 3796 ecclesia
886 3731 995 3800 accepti:
1015 3734 1044 3788 ιι
1057 3718 1171 3800 'ecclesie
1193 3729 1220 3784 V

89 3817 199 3880 9ιιιι11ι
220 3818 255 3880 V,
272 3831 338 3874 corr.
358 3819 427 3873 Bar.
498 3818 649 3873 uenerando
668 3819 800 3888 capite‘p:
818 3819 963 3872 uenerandi
981 3818 1063 3887 capiti
1084 3816 1115 3881 V,
1135 3833 1215 3871 uene·

88 3905 171 3960 raudo
191 3907 305 3977 capitio
347 3909 380 3962 10
397 3907 536 3960 horrentes
559 3907 590 3972 V,
609 3923 677 3962 corr.
696 3907 765 3962 Bar.
808 3907 841 3960 14
857 3907 1040 3977 reppellantur
1061 3905 1088 3959 V
1122 3905 1153 3960 15
1172 3922 1215 3959 ex·

88 3994 248 4062 portabilem
271 3994 302 4056 V,
322 4011 390 4051 corr.
410 4013 436 4065 p:
456 3995 541 4049 uirum
559 3995 733 4064 spectabilem
751 3994 814 4049 Car.
877 3995 924 4048 ‘la
942 3995 990 4048 uni
1008 3994 1089 4048 animi
1110 3993 1147 4056 V:
1166 4010 1215 4046 ιιιι-

90 4082 170 4135 animi
181 4079 210 4133 c²
245 4083 277 4136 21
288 4082 439 4136 uenerande
453 4081 480 4135 V
513 4075 584 4136 acet
599 4083 839 4152 ceteratemptauc':
855 4085 883 4137 et
896 4074 993 4137 contrat
1002 4081 1034 4145 V,
1045 4083 1136 4135 contre
1145 4080 1215 4144 Bur,

89 4171 123 4225 25
141 4169 293 4236 sanctitatis
316 4170 343 4224 V
392 4169 427 4224 ‘ld
448 4170 502 4223 (et)
523 4186 573 4240 ego
591 4171 670 4231 Bar„
719 4171 751 4224 27
770 4187 851 4232 manu
865 4168 904 4223 0²:
922 4187 1025 4225 mamus
1043 4158 1074 4234 V,
1088 4185 1183 4222 manus
1198 4187 1215 4220 α

1112 4271 1162 4336 32*
