2864 4620
233 279 298 342 576
469 274 613 328 Hormisda
630 273 791 344 presbyteris
810 278 861 344 etc.
881 273 972 343 Syriae
990 275 1122 328 secundae

233 471 340 533 noster
362 470 394 532 et
415 467 584 550 patientiae
606 467 707 550 ipsius
729 467 881 550 magister
903 467 1043 532 ascendit
1061 487 1118 533 suo
1136 468 1367 536 informaturus

233 574 384 657 exemplo,
408 592 485 656 quos
509 576 575 638 erat
597 573 722 638 iuturus
746 573 871 637 auxilio.
893 573 962 656 ipse
984 574 1066 638 inter
1087 575 1222 640 uirtutes
1241 577 1368 642 lancem

233 681 346 748 retinet
360 684 392 745 et
404 681 538 759 labores,
560 685 648 746 stans
673 682 781 745 contra
798 699 920 745 uenena
933 680 1115 759 furentium,
1136 683 1171 746 ut
1188 682 1368 747 secundum

191 784 210 846 7
233 787 461 871 persecutionis
483 787 546 852 iras
568 787 636 869 ipse
660 788 777 851 aeterni
799 786 922 869 imperii
941 786 995 851 det
1012 806 1151 852 coronas.
1195 788 1366 863 reuoluite‚

235 912 296 975 qua
331 893 595 958 Machabaeorum
632 893 734 957 exitus
770 893 944 976 pertinaces
977 895 1071 957 uetus
1107 893 1239 958 historia
1271 894 1366 959 laude
1393 915 1403 957 a

233 998 442 1081 persequitur,
466 1017 527 1081 quo
556 997 651 1063 Iudas
675 1002 708 1063 et
728 998 784 1062 illa
806 999 937 1062 fratrum
959 998 1100 1063 fidelium
1121 999 1225 1064 falanx
1251 999 1366 1065 mortis

234 1104 349 1169 honore
371 1104 532 1183 referatur,
555 1105 588 1169 in
612 1107 727 1187 quanto
751 1104 868 1169 ore'sit
889 1108 1035 1170 constans
1053 1104 1189 1189 populus
1206 1104 1239 1169 in
1257 1107 1367 1170 monte

236 1215 452 1294 consumptus.
489 1213 522 1275 et
552 1210 609 1275 hae
641 1196 750 1274 omnes
786 1227 842 1293 pro
875 1210 1080 1275 custodienda
1113 1210 1184 1294 lege
1216 1210 1364 1288 uirtutes,

235 1317 357 1400 species
389 1320 422 1382 et
449 1317 560 1382 umbra
585 1316 774 1394 futurorum,
801 1319 890 1381 tanta
916 1317 1057 1399 exempla
1082 1320 1280 1382 meruomnt:
1308 1335 1366 1382 nos

234 1423 266 1487 in
289 1424 430 1506 patribus
452 1423 592 1488 uidimus
620 1422 818 1506 palpauimns
836 1422 1050 1505 probauimus,
1074 1437 1167 1505 quom
1185 1441 1364 1505 sequamur.
1381 1447 1403 1488 o

192 1523 212 1586 8
237 1528 313 1611 quid
334 1548 396 1594 uon
419 1528 621 1594 deferendum
644 1528 784 1594 estrei?
807 1528 882 1611 quid
906 1527 1122 1612 denegandum
1142 1533 1191 1594 est
1213 1530 1365 1595 ueritati?

236 1635 312 1718 quid
334 1653 394 1699 non
418 1634 559 1699 debitum
581 1634 793 1716 redemptori?
838 1635 972 1700 libenter
994 1636 1262 1701 communicamus
1291 1636 1366 1720 dog·

114 1795 116 1800 ,
235 1743 321 1805 mata
354 1741 417 1805 ista
449 1740 634 1815 uobiscum3
676 1740 754 1805 dicit
790 1741 873 1806 enim
910 1741 1163 1823 sapientissimus
1200 1740 1365 1808 Salomon:

236 1847 1365 1930 beatus,quipraedicatuerbuminaursmoboedientio.

164 1991 166 1995 -
237 1953 387 2036 gaudium
415 1955 463 2018 est
490 1953 647 2035 siquidem
673 1953 816 2017 uolentes
849 1953 965 2036 alloqui
998 1958 1030 2017 et
1061 1953 1100 2017 ad
1130 1956 1249 2018 rectam
1280 1953 1366 2018 uiam
1383 1975 1405 2016 n

237 2078 302 2133 eos,
326 2059 380 2141 qui
403 2079 463 2123 non
485 2059 687 2136 reluctentur,
711 2060 837 2125 hortari.
860 2061 1003 2124 tenemus
1028 2061 1109 2125 enim
1134 2060 1276 2126 obsidem
1294 2060 1368 2128 fidoi

237 2166 361 2229 uestrae
385 2165 443 2228 sub
470 2165 648 2230 litterarum
674 2165 866 2248 professione
895 2165 1112 2244 constantiam,
1140 2185 1202 2248 qua
1223 2185 1242 2230 a
1267 2168 1368 2231 trans·

238 2290 417 2355 grossorum
447 2272 631 2355 contagione
655 2270 750 2336 diuisi
774 2271 813 2335 ad
837 2271 1029 2353 apostolicae
1057 2272 1141 2336 sedis
1165 2271 1316 2356 dogmata
1338 2275 1369 2336 et

238 2377 383 2441 mandata
409 2377 586 2442 recurritis:
615 2395 684 2442 sero
712 2377 839 2460 quidem
862 2377 947 2441 uiam
974 2377 1117 2442 ueritatis
1143 2378 1289 2462 ingressi,
1313 2377 1368 2442 sed

237 2483 420 2548 benedictus
452 2482 540 2561 deus,
568 2483 622 2566 qui
649 2502 709 2548 non
736 2483 768 2547 in
796 2483 889 2547 finem
922 2483 1130 2561 obliuiscitur,
1159 2485 1213 2567 qui
1240 2483 1370 2568 corripit
1384 2509 1406 2550 so

239 2591 270 2653 et
292 2589 434 2653 medetur
456 2608 513 2654 nec
536 2589 681 2655 continue
705 2590 809 2674 gregis
837 2590 887 2654 sui
910 2608 987 2654 oues
1009 2589 1129 2672 patitur
1150 2589 1368 2655 insidiantium

236 2694 382 2776 luporum
400 2695 570 2779 rapacitate
589 2695 734 2777 discerpi,
759 2696 813 2778 qui
831 2714 887 2778 per
905 2695 1111 2761 districtionis
1128 2696 1368 2780 temperantiam

194 2799 213 2860 9
238 2819 294 2864 nec
319 2800 609 2877 coherci<ti>onem
633 2821 761 2867 suorum
780 2803 922 2887 neglegit
944 2821 1001 2867 nec
1024 2801 1169 2867 salutem.
1194 2890 1197 2894 ι
1219 2802 1275 2866 sed
1295 2802 1369 2886 quid

329 2990 362 3043 14
379 2989 460 3044 Eccli.
481 2991 523 3054 25,
545 2991 577 3044 12

275 3095 517 3165 lpacientientiae
535 3097 562 3150 Β
616 3096 722 3150 asendit
744 3095 770 3149 V
821 3096 1010 3150 informaturos
1028 3097 1055 3151 Β
1105 3097 1198 3150 derat
1215 3096 1323 3152 iuturus
1343 3117 1368 3152 o:

241 3187 299 3237 erat
316 3184 421 3237 futuros
444 3184 475 3248 V,
495 3202 523 3238 es
542 3185 683 3239 adiucnros
702 3185 729 3237 Β
781 3186 907 3239 auxilium
927 3186 954 3238 Β
1006 3186 1110 3240 lancem
1134 3185 1169 3239 V:
1187 3185 1326 3240 luctamen
1344 3187 1373 3239 Β

239 3273 366 3326 3contra
385 3272 422 3326 V:
442 3291 457 3327 a
475 3290 522 3327 ara
538 3274 569 3326 Β
617 3275 711 3344 dipsa
728 3273 837 3342 contrait
857 3275 903 3328 ille
927 3275 985 3340 VB,
1003 3275 1057 3328 illis
1080 3273 1160 3328 Ttiel
1230 3276 1370 3328 aeternum

239 3360 334 3430 imperi
352 3362 379 3414 Β
450 3361 497 3416 det
515 3379 626 3417 coronas
647 3362 683 3418 B:
703 3365 732 3416 et
750 3363 943 3418 decorouasV
1012 3364 1111 3433 tquia
1128 3364 1155 3416 Β
1225 3363 1371 3417 machabe-

239 3465 314 3502 orum
338 3450 388 3502 VB
488 3451 561 3504 axius
579 3450 607 3502 B
708 3454 788 3504 uetus
813 3449 945 3520 V:·quam
962 3451 1058 3504 beatus
1076 3451 1104 3503 Β
1200 3451 1297 3504 istoria
1320 3451 1374 3504 VB

238 3536 331 3591 laudes
354 3537 380 3591 V
420 3541 628 3608 dpersequetur
645 3539 673 3591 Β
725 3539 839 3592 fratrum
852 3539 891 3592 B:
911 3539 984 3593 ifmu
1002 3539 1029 3593 V
1079 3539 1198 3610 fraglans
1212 3539 1239 3591 Β
1285 3539 1372 3593 iho-

239 3642 303 3679 nore
316 3626 354 3681 V:
369 3626 485 3680 odoreB
520 3628 598 3681 Soet
611 3627 678 3681 haec
692 3628 786 3682 omsB
821 3628 961 3698 SexplaB
999 3630 1032 3682 12
1047 3628 1213 3682 debeaturB
1249 3628 1283 3682 13
1298 3629 1369 3682 enim

240 3708 335 3768 om.B
372 3716 405 3769 14
424 3731 486 3769 aure
505 3716 531 3768 Β
568 3716 601 3769 16
619 3732 673 3768 non
690 3717 814 3770 lucentur
832 3717 915 3770 ortari
933 3717 963 3769 Β·
1013 3720 1152 3771 teneamus
1167 3718 1194 3770 Β
1247 3716 1328 3770 fidem
1342 3717 1369 3769 Β

242 3803 273 3854 17
292 3801 484 3870 professionem
503 3801 531 3856 Β
619 3818 635 3855 a
652 3805 879 3872 transgressorum
897 3803 936 3857 B:
960 3803 1173 3873 atflttgressorum
1192 3803 1273 3872 (eros.
1293 3801 1321 3867 d)
1347 3803 1376 3856 V

242 3892 273 3944 19
291 3890 427 3944 recurritis
446 3889 484 3944 0²:
502 3891 661 3944 recurrimus
684 3890 716 3955 V,
736 3892 828 3945 euritis
846 3890 874 3945 B
928 3891 962 3946 20
981 3892 1099 3961 quinon
1119 3891 1205 3946 oon
1272 3891 1325 3949 fine
1343 3892 1375 3945 B

239 3981 272 4034 21
292 3978 407 4032 suboues
425 3978 452 4030 Β
531 3979 637 4048 pacitur
659 3977 685 4031 V
770 3979 804 4032 22
824 3978 1000 4034 districtionis
1023 3979 1114 4035 Tticl:
1135 3979 1316 4033 destrictionis
1334 3979 1370 4043 Β,

240 4067 421 4122 distinctionis
444 4066 470 4120 V
549 4066 728 4137 temperantia
744 4068 772 4120 B
838 4068 872 4122 23
891 4084 941 4122 nec
959 4068 1142 4122 cohercionem
1166 4066 1198 4133 V,
1218 4068 1373 4122 necoherti·

240 4173 318 4209 onum
338 4154 365 4208 Β
437 4156 482 4225 qui
505 4155 531 4209 V
