2864 4620
679 270 793 325 14-⁹-·
1228 276 1291 340 777

168 463 338 545 inquisitor
359 463 450 528 facile
469 463 584 546 peterit
601 464 767 548 uestigare,
788 464 960 529 Sabellinm
979 466 1139 531 damnauit
1156 467 1294 548 synodus

168 587 228 634 neo
264 569 325 633 luit
363 588 500 645 neeesse,
539 573 575 634 nt
611 570 678 634 eius
715 573 884 635 sectatores
920 575 1030 652 postea
1066 571 1293 649 damnarentur,

170 676 314 759 singulas
333 675 453 740 uiritim
467 675 608 758 synodos
628 677 773 748 celebrari
795 675 851 741 777
867 696 923 759 pro
942 680 1047 743 tenore
1062 679 1294 743 const’tutionis

170 782 318 863 antiquae
346 784 486 858 cunctos,
516 781 570 862 qui
597 782 653 846 uel·
676 782 841 864 prauitatis
868 782 956 846 illius
983 784 1035 847 uel
1068 785 1295 850 communionis

135 905 151 945 ⁵
171 889 300 954 extitere
327 887 505 970 participes,
533 887 721 952 uniuersalis
749 888 881 952 67716777
904 888 991 952 duxit
1013 904 1082 953 'esse
1104 888 1295 954 refutandos.

170 995 219 1060 sic
250 997 376 1076 propter
405 993 618 1076 blasphemias
650 994 731 1058 Arrii
762 993 861 1058 forma
897 994 969 1058 fidei
1006 993 1338 1078 communionisque?

170 1099 351 1180 catholicae,
379 1099 516 1164 Nicaenc
553 1100 675 1182 prolata
716 1103 870 1164 conuentu
910 1099 1056 1165 Arrianos
1097 1119 1203 1165 omnes
1243 1103 1295 1166 uel

171 1205 316 1288 quisquis
338 1205 368 1269 in
393 1205 472 1270 17777
490 1207 613 1286 pestem
632 1206 700 1270 siue
720 1224 815 1270 sensu
834 1225 889 1270 seu
909 1207 1128 1271 communione
1147 1206 1298 1271 deciderit
1406 1223 1409 1226 ·

170 1311 240 1376 7777
279 1312 499 1377 retractatione
541 1311 710 1376 concludit.
747 1312 793 1377 sic
829 1312 1028 1390 Eunomium,
1065 1312 1340 1390 Macedonium,8

119 1431 152 1472 ¹⁰
169 1417 355 1483 Nestorium
379 1417 516 1501 synodus
540 1418 638 1482 semel
661 1419 751 1500 gesta
773 1416 980 1482 condemnans
1002 1402 1137 1483 ulterius
1160 1418 1198 1482 ad
1216 1437 1299 1482 noua

171 1522 304 1588 concilia
330 1523 436 1588 uenire
463 1542 522 1587 non
553 1522 630 1586 siuit
657 1521 713 1586 sed
739 1521 904 1587 uniuersos
931 1540 1128 1604 quocumque
1151 1523 1243 1589 modo
1265 1523 1297 1588 in

169 1629 229 1693 has
247 1628 457 1712 blasphemias
476 1627 649 1692 recidentes
668 1627 783 1693 tradito
804 1627 864 1692 sibi
878 1627 978 1692 limite
994 1627 1134 1712 synodali
1147 1628 1298 1694 refutauit

171 1735 305 1799 ecclesia
333 1754 389 1799 nec
417 1753 565 1816 umquam
592 1737 677 1799 recte
706 1735 840 1799 cessisse
863 1735 1066 1799 manifestum
1090 1737 1139 1799 677
1161 1735 1300 1816 qualibet

171 1841 361 1905 necessitate
385 1843 515 1923 cogente
538 1841 672 1917 nouiter,
692 1859 772 1923 quae
789 1840 914 1904 inerant
932 1839 1098 1904 salubriter
1116 1840 1298 1919 constituta,

122 1960 153 2002 1⁵
172 1949 353 2011 temerasse.
381 1965 441 2010 non
470 1949 577 2010 autem
604 1964 661 2010 nos
687 1946 767 2010 latet
792 1947 824 2010 in
851 1948 1040 2029 tempestate
1071 1945 1298 2028 persecutionis
1321 1949 1340 2012 9

171 2051 319 2116 Arrianae
341 2052 494 2135 plurimes
516 2052 681 2134 pontifices
702 2052 740 2117 de
759 2052 860 2118 exiliis
879 2071 955 2135 pace
973 2051 1094 2116 7777777
1111 2051 1299 2133 respirantes

169 2176 227 2240 per
258 2160 357 2222 certas
388 2156 566 2239 prouincias
600 2157 797 2241 congregatis
830 2176 938 2222 secum
969 2156 1117 2222 fratribus
1150 2157 1298 2223 ecclesias

171 2263 389 2345 composuisse
416 2263 569 2340 turbatas,
599 2281 658 2327 non
687 2265 792 2327 tamen
819 2265 857 2326 77
882 2262 969 2327 711777
1003 2262 1112 2346 synodi
1143 2261 1299 2328 Nicaenae

115 2405 118 2414 ·
172 2367 324 2450 quidquid
338 2368 375 2433 de
389 2368 450 2433 fide
465 2373 497 2433 et
512 2368 729 2433 communione
743 2369 898 2434 7771771777
912 2368 1096 2432 7777777777
1109 2368 1300 2433 7777777677

121 2494 153 2536 ao
171 2493 231 2539 nec
257 2493 340 2539 noua
367 2494 555 2557 quemquam
582 2494 636 2557 pro
664 2476 756 2557 lapsu
786 2475 983 2539 damnatione
1005 2474 1219 2556 percellerent,
1243 2475 1299 2538 sed

170 2579 261 2645 illius
292 2583 398 2646 tenore
430 2580 557 2657 decreti,
592 2580 653 2645 nisi
684 2580 881 2663 resipuisset,
913 2579 1089 2644 iudicarent
1120 2579 1299 2644 damnatum

173 2688 321 2768 essetque
353 2705 546 2769 consequens
577 2689 624 2765 ut,
655 2686 718 2750 nisi
752 2685 931 2770 corrigeret,
965 2684 1155 2750 damnationi
1189 2686 1300 2766 procul

211 2947 382 3002 ldamnabit
400 2946 444 3016 oq³
522 2946 701 3016 2posteead
781 2945 932 3014 3synodns
950 2943 995 3013 oq8
1072 2944 1219 2999 57777777
1241 2943 1298 3014 QT,

175 3037 302 3090 exsistere
321 3055 343 3098 o,
363 3036 489 3089 existeret-
507 3034 539 3103 eo
623 3035 756 3104 particeps
773 3032 831 3087 ,ap
906 3033 1055 3086 relutantos
1073 3029 1087 3082 δ
1175 3033 1192 3086 6
1210 3031 1234 3085 77
1249 3030 1303 3086 a'T

173 3124 287 3179 tonnam
314 3123 410 3194 QssoiT
433 3124 485 3191 (B)
606 3123 804 3190 communisque
832 3119 905 3189 oq¹q²
1043 3120 1060 3174 8
1088 3118 1242 3174 desederint
1268 3119 1299 3188 βδ

176 3214 192 3267 9
210 3211 412 3267 machedoninm
434 3209 505 3281 ρυβδ
627 3211 658 3264 ll
684 3210 777 3264 sininit
800 3208 840 3278 aa,
863 3210 955 3263 sinunt
976 3206 1034 3272 i²T,
1058 3208 1123 3261 sinit
1144 3223 1178 3262 777
1195 3201 1261 3262 Ι7777
1276 3207 1300 3261 77
1365 3212 1367 3217 ’

175 3303 286 3356 enam
392 3300 425 3354 12
449 3299 613 3354 rescidentes
632 3299 675 3368 oq¹
790 3296 977 3366 synodotalid
1084 3295 1118 3349 13
1140 3294 1299 3350 ecclesiaeb

177 3390 274 3444 cesisse
293 3386 306 3439 δ
361 3388 393 3442 14
413 3391 547 3457 quogente
566 3386 579 3439 δ
649 3387 757 3441 7777777
776 3383 882 3457 ρυβδ737
900 3385 1022 3440 nouimus
1041 3382 1151 3437 ausibus
1172 3383 1198 3437 T
1213 3383 1299 3453 (nauis

176 3503 285 3559 ansibus
303 3501 345 3573 Ω),
364 3502 472 3558 77771777
491 3507 551 3574 (om.
571 3508 654 3557 777777
673 3504 784 3572 cogente
801 3501 890 3570 nouis)
906 3497 930 3553 i²
971 3501 1004 3554 16
1021 3465 1140 3564 7777777
1183 3499 1216 3552 19
1234 3497 1298 3552 deli·

176 3592 281 3649 niuerat
292 3591 366 3671 Qud:
382 3589 627 3654 denumerantes,
642 3590 782 3645 definierat
796 3589 826 3659 βδ
837 3590 882 3656 (cf.
897 3585 929 3654 Ω)
984 3588 1018 3642 ab
1035 3586 1161 3658 prolapsu
1176 3585 1298 3656 tanqua)

176 3674 299 3779 prolaps¹¹
317 3706 354 3777 q²,
372 3706 491 3778 prolapsi
512 3707 537 3760 Τ
553 3708 600 3775 (cf.
618 3705 650 3773 Ω)
721 3704 920 3758 damnationem
939 3701 969 3772 βδ
987 3701 1163 3773 procellerent
1181 3700 1203 3766 7,
1222 3718 1298 3770 prae·

179 3796 305 3852 callerent
322 3794 380 3866 q¹q²
449 3796 482 3850 21
502 3795 657 3864 resipuisset
678 3793 728 3864 Qu:
746 3792 921 3863 resipuissent
939 3790 1023 3862 parer
1040 3787 1092 3859 (Ω),
1116 3789 1258 3861 resipuisse
1275 3789 1299 3842 ,a

176 3884 327 3938 indicarent
338 3885 375 3939 T:
388 3884 505 3938 77777777
519 3881 620 3953 (labbei,
634 3881 814 3938 iudicarentur
822 3881 846 3934 7ἲ
899 3883 931 3936 21
942 3895 996 3950 sqq.
1007 3879 1162 3934 damnatum
1175 3881 1298 3947 essetque

178 3988 341 4041 consequens
357 3976 389 4025 77
406 3972 458 4026 nisi
475 3972 620 4040 corrigeret
638 3970 803 4024 damnationi
819 3970 911 4040 procul
929 3968 1009 4023 dubio
1033 3967 1184 4021 subiaceret
1202 3965 1298 4036 quibus

180 4058 287 4130 07717777
314 4059 472 4131 dampnatus
501 4062 543 4113 est
569 4059 666 4130 quibus
691 4059 718 4113 Τ
742 4058 891 4129 (damnatos
915 4057 1011 4126 quibus
1038 4053 1078 4124 Ω),
1107 4053 1202 4124 quibua
1236 4059 1297 4121 (om.

178 4148 332 4208 damnatum
343 4191 349 4203 .
360 4191 366 4202 .
377 4148 537 4218 subiaceret)
555 4146 579 4201 ,a
