2864 4620
97 297 99 300 ⁴
200 288 266 351 694
407 280 551 336 Hormisda
569 280 699 336 Germano
719 284 782 346 etc.;
800 280 943 335 Possessor
960 281 1116 335 Hormisdae

203 480 310 542 neena
332 496 388 542 nec
411 495 471 542 non
496 479 528 541 et
550 477 588 567 de
610 494 707 554 mora,
730 494 786 559 per
809 495 902 557 quam
926 495 983 541 uos
1006 476 1138 541 detineri
1155 476 1334 559 plurimum

204 583 358 661 dolemus,
385 582 533 648 releuetis
560 601 618 647 nos
647 581 793 664 alloquiis
822 583 881 647 sub
911 582 1074 648 occasione
1096 583 1209 647 idonea
1231 583 1332 666 porti·

202 689 291 754 toris.
359 690 441 754 Data
463 689 516 753 VI.
541 688 618 753 Idus
638 688 700 753 Iul.
719 687 866 753 nustieio
889 708 921 752 u.
945 708 983 770 c„
996 707 1081 753 cons.

712 879 818 964 (aaa.)

246 1021 402 1068 nomana
425 1020 568 1067 cumano
591 1021 737 1067 perscore
761 1022 863 1069 rnnrcr
885 1023 924 1068 nr
942 1023 1095 1069 ,nroseono
1118 1023 1266 1070 nrucorrs
1287 1024 1332 1068 nr
1364 1027 1377 1068 s

202 1124 323 1174 suanno
342 1128 548 1174 rnnsnrunno.
610 1109 741 1174 Animos
760 1112 883 1175 nosnos
910 1112 976 1175 tam
1004 1111 1186 1176 diuturnum
1207 1110 1334 1174 dilecti·

204 1216 272 1281 onis
310 1218 435 1280 uestrae
472 1213 635 1279 silentium
675 1218 712 1279 ut
749 1217 910 1282 tantorum
948 1218 1126 1297 temporum
1166 1216 1335 1282 contristat

205 1321 357 1400 absentia,
385 1321 552 1402 praecipue
576 1339 649 1384 cum
671 1321 720 1384 uir
740 1320 925 1405 magnificus
949 1321 1101 1404 patricius
1124 1320 1334 1405 Symmachus

205 1429 237 1492 et
259 1427 309 1490 uir
322 1426 465 1491 'illustris
487 1425 648 1490 Romanus
671 1425 821 1511 magister
842 1426 981 1492 militum
1004 1426 1062 1490 filii
1080 1428 1178 1492 nostri
1195 1427 1336 1508 reditum

208 1533 290 1616 apud
325 1551 382 1597 nos
419 1531 558 1597 caritatis
594 1534 720 1597 uestrae
758 1531 826 1596 sine
862 1532 1011 1598 dilatione
1046 1533 1257 1615 promiserint,
1302 1535 1336 1598 et
1352 1559 1381 1600 ro

208 1639 400 1724 ignoramus,
415 1642 521 1703 utrum
539 1637 605 1702 illic
624 1656 790 1704 causarum
809 1621 944 1720 qualitas
963 1658 1001 1704 an
1021 1642 1104 1704 certe
1122 1639 1207 1706 fraus
1226 1640 1337 1723 aliqua

208 1745 356 1810 simulata
383 1745 441 1809 sub
470 1744 658 1810 necessitate
686 1744 833 1825 detineat,
861 1745 934 1827 quia
964 1739 1055 1812 nobis
1087 1746 1337 1812 sollicitudinem

208 1850 275 1929 sine
298 1851 473 1928 cessatione
497 1850 675 1939 gerentibus
699 1853 731 1915 et
751 1869 848 1933 paene
867 1851 1033 1938 unipersos
1050 1853 1187 1934 partium
1205 1851 1335 1916 illarum

146 1955 185 2022 ‘2
209 1957 352 2022 homines
384 1956 639 2040 percontantibus
672 1956 796 2021 diuersa
827 1961 860 2022 et
886 1957 1054 2024 dissimilia
1081 1958 1273 2023 nuntiantur.
1288 1961 1338 2022 ·et

207 2063 289 2140 ideo,
303 2062 448 2144 quoniam
467 2081 578 2127 causas
596 2065 700 2126 tantae
718 2062 876 2138 tarditatis
894 2082 953 2128 uos
970 2065 1085 2130 melius
1105 2063 1337 2147 deprehendere
1357 2086 1387 2126 15

208 2171 240 2233 et
261 2168 445 2252 intellegere
467 2169 601 2252 potestis
625 2171 719 2250 atque
738 2187 938 2253 cognoscere,
958 2169 1133 2256 significare
1151 2169 1242 2234 nobis
1259 2169 1335 2248 ista,

208 2274 245 2338 de
269 2274 383 2357 quibus
406 2277 513 2340 noster
535 2272 693 2339 cruciatur
714 2274 846 2355 animurs,
866 2276 1032 2353 debuistis,
1050 2276 1103 2341 uel
1122 2276 1150 2341 si
1169 2277 1219 2341 est
1237 2293 1337 2341 causa

209 2379 368 2446 dilationis
395 2367 516 2458 idonea,
545 2379 629 2444 sicut
656 2379 865 2446 coustitutum
893 2385 952 2459 est,
977 2383 1115 2465 aliquem
1147 2381 1184 2446 de
1215 2381 1336 2448 uestris
1401 2464 1404 2466 v

107 2476 109 2478 ’
165 2489 185 2553 3
210 2485 249 2551 ed
275 2504 333 2551 nos
362 2488 542 2567 oportuerat
570 2485 728 2551 destinari.
755 2486 837 2551 unde
865 2506 903 2552 ne
929 2487 1060 2553 forsitan
1091 2506 1147 2571 per
1177 2487 1337 2552 uersutias

209 2595 265 2657 aut
295 2591 432 2681 aliquam
469 2591 737 2657 concinnationem
772 2592 863 2658 uobis
900 2593 1008 2658 dilatio
1046 2597 1078 2658 et
1110 2592 1338 2676 impedimenta
1356 2619 1383 2658 co

169 2723 171 2725 ¹
210 2701 406 2803 generentur,
439 2699 498 2763 sub
523 2698 692 2763 celeritate
720 2699 810 2765 nobis
839 2699 978 2779 scribite,
1006 2703 1042 2764 ut
1070 2700 1128 2765 sub
1155 2699 1338 2765 rationabili

210 2803 403 2870 ordinatione
429 2822 485 2890 pro
512 2807 621 2869 uestra
640 2805 833 2889 ‘repetitione
857 2806 896 2871 ad
916 2805 1019 2870 filium
1040 2809 1183 2891 nestrum
1204 2805 1339 2888 impera·

165 2912 310 2980 4torem
343 2909 623 2975 clementissimum
643 2903 839 2996 [dirigamus.
872 2930 953 2996 ergo.
977 2914 1042 2976 tam
1074 2912 1156 2977 circa
1186 2929 1338 2994 personas

210 3034 304 3098 quam
335 3015 374 3080 de
404 3035 510 3108 causew
530 3015 614 3094 fidei,
646 3035 705 3100 pro
730 3036 793 3099 qua
821 3017 874 3083 diu
901 3017 1075 3096 moramini,
1099 3017 1175 3100 quid
1198 3020 1336 3102 geratur,

209 3121 362 3198 instructa
377 3119 470 3204 atque
483 3122 665 3206 plenissime
678 3123 769 3188 nobis
783 3123 932 3190 uniuersa
948 3123 1121 3201 rescribite,
1135 3125 1173 3188 ut
1191 3124 1337 3190 omnibus
1352 3146 1378 3188 u

120 3295 123 3301 ,
212 3227 346 3313 cognitis
365 3228 422 3293 deo
440 3232 546 3293 nostro
565 3229 691 3294 fauente
708 3217 891 3320 tractemus,
911 3228 1182 3312 quemadmodum
1194 3231 1337 3313 personis

212 3334 328 3399 uestris
353 3337 385 3399 et
407 3323 520 3400 causae
542 3335 654 3419 ipsius,
678 3334 769 3401 cuius
792 3355 842 3402 res
866 3335 980 3420 agitur,
1003 3335 1107 3421 possit
1121 3335 1339 3402 misericordia

213 3439 390 3507 subuenire.
458 3439 540 3506 Data
561 3441 608 3506 ld.
631 3442 692 3507 Iul.
715 3442 859 3520 Rusticio
882 3462 913 3508 u.
937 3461 965 3508 c.
989 3459 1073 3530 cons.

249 3666 431 3764 3rustidoV
574 3761 576 3765 .

129 3789 130 3792 ¹
248 3796 315 3852 929.
351 3797 420 3852 Dat.
439 3814 465 3852 c.
487 3801 548 3853 520
565 3798 609 3853 dic
625 3800 661 3861 15
678 3799 756 3853 Iulii.
816 3799 889 3853 Edd.
911 3797 1245 3866 ear.1²537;oolleec.
1267 3799 1334 3853 Coc·

214 3886 256 3940 cil.
262 3904 272 3953 ;
289 3885 371 3939 ΒΤΑ
388 3886 410 3939 Ι
426 3889 499 3954 440,·
520 3885 598 3940 Tba'el
617 3885 1080 3954 926;obirercommemorat13ar;
1100 3887 1139 3941 ad
1156 3902 1182 3940 a.
1205 3889 1271 3950 520,
1290 3888 1336 3940 28.

215 3960 359 4030 5ancV
436 3976 507 4042 bag.
526 3977 582 4028 tam
598 4016 604 4027 .
620 4017 625 4028 .
640 3977 672 4028 ut
693 3974 730 4027 V:
747 3977 806 4029 tum
821 4016 826 4029 .
843 4018 848 4030 .
863 3979 922 4030 tum
940 3975 1016 4029 Ball.
1030 3975 1123 4029 Tam.
1213 3974 1336 4044 8scym·

214 4063 323 4118 machus
338 4062 364 4116 V
433 4063 465 4118 10
483 4067 508 4117 et
527 4063 559 4118 13
578 4063 657 4117 sinV
728 4064 760 4117 14
778 4063 1012 4134 percunctantibus
1023 4080 1043 4133 c·
1106 4063 1140 4118 25
1158 4062 1289 4117 instructo
1302 4061 1337 4116 Vr

152 4193 153 4197 ’
215 4179 340 4233 instruite
359 4177 386 4229 ο2
438 4177 472 4232 28
490 4178 518 4232 ie
535 4178 559 4232 il
575 4133 723 4235 roscido?
