2864 4620
414 299 499 370 upra.
519 297 649 354 ccxxrr
665 300 685 355 a
701 330 735 340 -
754 298 914 355 ccmrun
930 300 955 354 a.
1179 301 1243 365 aaa

118 494 381 579 praedicationem
413 497 596 575 sequuntur,
629 494 836 578 neglegantur
866 489 982 575 quiin
1014 493 1079 559 eius
1113 492 1174 559 fida
1211 498 1244 559 at
1302 476 1314 498 ⁷

80 660 83 664 .
120 619 276 667 consensu
298 600 415 683 recepti
438 602 521 666 sunt.
539 598 666 676 idcirco,
686 599 770 664 sicut
787 598 903 664 hortati
922 617 1042 677 sumus,
1060 618 1116 681 pro
1136 618 1243 664 eorum
1267 595 1287 660 5

81 757 83 761 ,
120 707 340 772 communione
381 708 474 788 atque
514 705 584 769 loco
626 704 826 770 serenissimo
866 704 1000 787 principi
1042 705 1269 769 uehementer
1382 739 1385 746 «

118 812 275 888 insistite;
299 811 426 876 namin
450 811 557 875 eadem
581 828 676 876 causa
699 810 813 876 domno
837 815 870 876 et
890 809 955 874 lilio
978 813 1085 876 nostro
1109 810 1242 875 clemen·

84 918 243 983 shssimo
271 917 403 1001 principi
426 921 460 982 et
480 916 547 982 uiro
570 916 688 982 illustri
711 916 885 1008 Iustiniana
907 915 972 981 filio
995 914 1102 982 nostro
1127 917 1243 999 scripta

120 1024 299 1102 direximus,
322 1025 494 1101 hortantes,
517 1025 555 1087 ut
577 1041 649 1088 cum
672 1025 789 1101 uestra,
813 1025 963 1104 quantum
982 1023 1021 1087 ad
1039 1023 1242 1088 ecclesiarum

119 1148 249 1195 suanum
281 1129 492 1213 receptionem
526 1129 672 1211 pertinet,
703 1127 835 1193 debeant
867 1129 996 1194 caritate
1027 1130 1171 1193 tractare.
1202 1128 1241 1192 de

119 1255 182 1318 quo
204 1254 263 1301 uos
286 1237 418 1301 articulo
442 1237 565 1300 nostrae
589 1234 791 1300 ordinationis
811 1236 1009 1317 suspicamur
1024 1227 1240 1305 immemores:
1318 1243 1320 1246 ’

120 1342 253 1407 diximus
281 1342 373 1420 euim,
402 1341 664 1424 quemadmodum
692 1332 827 1406 exclusis
855 1341 1094 1424 occupatoribus
1127 1340 1170 1420 hi,
1203 1340 1240 1406 do

74 1469 102 1508 ro
118 1448 234 1531 quihus
264 1447 431 1538 loquimur,
457 1446 503 1511 ‘ad
533 1446 673 1530 proprias
703 1448 900 1511 reuertentur
930 1446 1090 1526 ecclesias,
1124 1441 1172 1511 ut'
1186 1443 1241 1511 illi

119 1552 205 1633 alibi,
241 1553 269 1618 si
305 1555 410 1618 tamen
446 1556 548 1618 rectae
585 1555 659 1617 sunt
689 1551 772 1630 fidei,
807 1551 996 1618 ordinentur.
1030 1552 1068 1618 de
1098 1547 1283 1635 personish

119 1657 304 1741 Scytharum
323 1658 545 1723 monachorum
563 1658 614 1722 uir
629 1658 764 1724 illustris
782 1658 974 1740 lastinianus
993 1658 1083 1723 nobis
1102 1657 1239 1742 scripsit,

117 1782 250 1846 quarum
269 1763 661 1845 exemplarialitterarum
688 1764 875 1841 irat'emitati
905 1767 1029 1829 uestrae
1060 1757 1240 1829 direximus.-

118 1869 173 1951 qui
204 1873 275 1934 cum
306 1869 428 1935 nollent
458 1870 613 1950 sustinere
642 1873 766 1935 nestrae
798 1869 974 1936 dilectionis
1006 1870 1176 1935 aduentum
1209 1872 1241 1934 et

71 2000 98 2042 aa
117 1974 372 2041 obseruationum
386 1994 488 2041 moras
503 1994 536 2040 sa
551 1975 688 2041 dicarent
705 1976 785 2041 ferre
803 1995 865 2041 non
883 1994 987 2058 posse,
1004 1960 1240 2057 temptauerunt

116 2083 199 2146 clarn
226 2081 369 2146 deturba
396 2081 565 2147 discedere.
592 2101 673 2164 quos
700 2084 805 2147 tamen
832 2101 889 2147 nos
911 2081 1045 2146 fecimus
1069 2080 1237 2149 sollicitius

117 2186 281 2266 custodiri,
318 2205 364 2265 ea,
400 2206 479 2269 quae
517 2188 554 2252 dc
571 2216 573 2221 ⁴
590 2187 681 2253 uobis
720 2191 874 2253 contraria
909 2187 1060 2270 dixerunt,
1095 2187 1238 2252 uolentes

116 2297 296 2377 agnoscere,
321 2296 368 2369 ut,
392 2313 463 2358 cum
490 2293 608 2358 reuersi
631 2295 688 2360 deo
710 2294 846 2378 propitio
869 2292 1003 2370 fueritis,
1027 2289 1132 2359 eorum
1156 2312 1240 2358 error

113 2399 353 2466 rationabilibus
389 2400 658 2465 adhortationibus
695 2400 877 2484 corrigatur.
943 2400 1025 2465 Data
1059 2400 1116 2464 llI.
1156 2399 1236 2464 Non.

65 2529 95 2573 ao
115 2505 279 2571 Decemhr.
302 2507 469 2571 Eutharico
492 2526 524 2571 u.
548 2525 575 2574 c.
600 2496 685 2572 cons.
731 2561 735 2570 ,

158 2834 311 2886 naumann
338 2828 446 2896 cumas
475 2840 582 2909 surm,
648 2822 698 2887 Ita
712 2837 781 2887 'nos
803 2820 1026 2888 incolomitatis
1050 2825 1083 2888 et
1109 2825 1236 2887 actuum

111 2928 290 2991 uestrorum
304 2945 379 2991 cura
392 2927 552 3006 sollicitat,
567 2930 604 2993 ut
622 2928 768 3010 quamuis
785 2928 1001 3010 frequentibus
1020 2910 1235 2993 occasionibus
1250 2949 1251 2953 ¹
1286 3010 1288 3015 .

111 3051 175 3098 non
205 3031 491 3114 praetermittamus
523 3033 640 3101 hortari
673 3037 775 3100 certos
806 3052 863 3098 nos
895 3033 932 3099 de
959 3032 1020 3113 his,
1048 3052 1127 3116 quae
1155 3033 1237 3098 circa

59 3131 90 3206 aa
111 3155 172 3202 uos
195 3141 339 3222 agontur,
361 3136 430 3202 lieri
447 3138 562 3203 litteris
581 3137 846 3206 destinatarum
866 3140 898 3203 et
915 3157 988 3203 cum
1005 3157 1061 3221 per
1071 3138 1235 3203 hominem

110 3241 246 3308 illustris
286 3242 348 3308 uiri
388 3245 482 3325 atque
521 3242 680 3328 magnifici
719 3243 841 3328 patricii
881 3240 940 3310 filii
974 3243 1073 3309 nostri
1106 3239 1236 3329 Agapiti

113 3347 277 3419 desideriis
299 3349 416 3414 nostris
440 3368 595 3441 congruos
608 3341 798 3425 miserimus
821 3350 934 3416 aliatus
957 3353 990 3416 at
1010 3368 1093 3415 nunc
1111 3369 1235 3432 quoque

111 3454 276 3519 anxietatis
307 3457 432 3520 nostrae
465 3455 654 3520 credidimus
688 3456 811 3534 solatio,
844 3456 872 3521 si
903 3456 942 3520 ad
973 3475 1031 3521 uos
1058 3455 1236 3538 praesentla

110 3560 229 3643 scripta
251 3561 465 3627 mitteremus:
489 3564 613 3626 tantum
635 3565 694 3640 est,
717 3564 755 3626 ut
773 3562 810 3627 de
828 3562 952 3628 actibus
970 3565 1064 3644 atque
1082 3561 1234 3645 sospitate
1258 3565 1278 3628 2

146 3751 162 3804 6
180 3753 271 3805 uestra
289 3753 418 3820 quantum
437 3750 475 3823 p2:
495 3753 624 3821 quantum
642 3754 733 3806 uestra
754 3750 780 3806 V
867 3751 883 3804 7
905 3752 1056 3822 receptione
1078 3745 1110 3817 V,
1133 3756 1200 3808 corr.
1220 3771 1234 3822 ρ

108 3837 198 3908 equo
216 3839 326 3908 nuspa:
343 3855 374 3893 co
394 3839 444 3908 (on
461 3839 523 3908 cot)
547 3839 578 3904 V,
598 3856 629 3893 eo
649 3858 666 3890 α
746 3839 830 3906 <non>
842 3841 1008 3917 immemores
1030 3839 1094 3910 Oua
1147 3841 1164 3894 9
1183 3857 1234 3910 que

109 3925 251 3980 admodum
276 3925 305 3991 V,
325 3943 393 3982 corr.
413 3944 431 3978 a
471 3928 504 3981 12
522 3931 655 3998 scytarum
678 3926 704 3982 V
739 3928 771 3982 16
789 3932 827 3982 trh
847 3930 893 3997 (=
910 3931 1010 3996 tamen)
1034 3927 1072 3983 V.-
1089 3932 1147 3983 turu
1169 3927 1232 3994 Gor.

110 4013 143 4068 19
163 4013 376 4069 adortatiouibus
398 4014 425 4070 V
535 4017 539 4021 ’
1300 4073 1302 4076 .

143 4101 210 4158 228.
246 4103 314 4157 Dat.
334 4120 359 4159 a.
379 4105 437 4159 520
455 4105 499 4161 dic
516 4096 561 4159 16
569 4105 647 4160 Iulii.
683 4104 968 4174 Ede.0ar.1²536;
988 4104 1094 4161 Oollect
1117 4104 1234 4173 Gonctl.,·

106 4189 190 4244 Bra
207 4191 228 4244 I
245 4194 315 4257 439,·
336 4191 414 4246 Thicl
434 4195 496 4247 925.
549 4193 584 4250 24
602 4193 727 4247 certiores
746 4191 773 4263 p²
825 4194 859 4247 28
876 4194 1004 4248 solatium
1024 4193 1087 4248 Cor.
