2864 4620
223 241 286 304 512
482 236 615 290 lndiculus
635 238 712 291 datus
730 237 852 291 Enuodio
871 238 1018 292 Fortunato
1038 243 1087 293 etc.

223 433 384 497 abdicetur
413 433 580 506 hebetudo,
614 433 667 514 qui
699 433 789 495 deum
819 437 850 496 et
873 432 1031 497 dominum
1063 438 1203 498 nostrum
1235 435 1343 500 Iesum

208 538 384 602 ‘Christum
419 538 550 621 figuram
586 542 707 603 tantum
744 539 842 602 caruis
879 539 1025 603 hahuisse
1057 544 1192 605 testatus
1225 546 1274 606 est
1311 545 1344 606 et

222 648 345 708 nostrae
367 645 533 708 ueritatem
557 663 615 708 non
646 644 793 708 habuisse
817 645 1020 721 substantiae,
1048 647 1188 710 nesciens
1217 647 1254 710 de
1279 667 1341 730 quo

222 750 411 833 promissum
435 751 486 827 sit,
511 751 584 832 quia
607 749 802 814 uidebant
824 756 1037 832 persecutores
1061 752 1138 829 eius,
1165 753 1203 819 in
1228 773 1343 836 quem

221 859 487 941 pupugerunt.
519 857 564 920 ita
591 856 672 918 enirn
699 855 729 917 in
758 875 820 920 una
847 855 1015 938 eademque
1042 877 1173 938 persona
1199 860 1344 942 persistit
1375 878 1387 919 s

222 965 353 1045 utraque
384 964 502 1038 natura,
530 965 566 1024 ut
589 961 664 1024 deus
693 963 786 1042 atque
817 961 909 1026 homo
941 983 1022 1028 uuus
1054 962 1104 1028 dei
1134 963 1218 1029 filius
1251 966 1341 1031 l'esus

191 1065 366 1134 SChristus
384 1067 523 1131 fidelium
543 1066 685 1131 cordibus
705 1070 896 1147 apparescat.
941 1068 1015 1150 quid
1034 1069 1114 1133 enim
1136 1070 1346 1154 quadraginta

223 1174 342 1237 dierum
360 1177 432 1255 post
447 1172 704 1237 resurrectionem
724 1171 928 1237 dominicum
948 1174 1124 1239 hominibus
1145 1176 1341 1242 conuiuenai„

223 1283 253 1344 et
277 1279 490 1344 conuesoentis
514 1278 579 1361 egit
601 1278 784 1360 praesentia,
812 1279 872 1342 nisi
894 1285 931 1344 nt
952 1280 1022 1344 istis
1045 1281 1180 1364 negotiis
1203 1282 1340 1361 illorum,

223 1386 276 1467 qui
307 1386 469 1449 ueritatem
503 1385 602 1449 carnis
635 1383 701 1449 eius
734 1385 875 1468 negaturi
908 1391 1003 1460 erant,
1036 1386 1187 1450 seniorem
1223 1389 1387 1453 faceretne

223 1495 355 1555 aetatem
391 1490 557 1554 curationis
591 1507 659 1554 esse
691 1509 784 1570 quam
815 1490 976 1554 uulneris?
1010 1490 1054 1556 sic
1086 1492 1166 1556 enim
1199 1493 1277 1557 dixit
1299 1495 1340 1558 ad

222 1597 406 1677 discipulos:
422 1595 724 1678 quidcogitatis
744 1596 780 1659 in
800 1596 1174 1662 cordibusuestris?
1188 1586 1339 1681 palpate

222 1707 260 1766 et
282 1703 427 1779 uidete,
452 1701 544 1784 quia
567 1701 740 1781 spiritus
764 1719 917 1765 carnem
941 1707 978 1767 et
1001 1721 1090 1767 ossa
1113 1723 1184 1768 non
1208 1704 1338 1781 hahet,

223 1809 347 1873 sicuti
370 1828 425 1872 me
449 1806 601 1872 uidetis
621 1807 773 1871 hahere.
792 1826 892 1888 neque
910 1807 1024 1872 fuisset
1040 1810 1233 1891 mysterium,
1254 1812 1338 1892 quod

222 1915 316 1979 ostiis
343 1915 382 1978 ad
404 1933 457 1978 eos
488 1914 603 1977 clausis
634 1913 793 1996 ingressus
826 1919 884 1990 est,
909 1914 936 1978 si
965 1914 1177 1998 iutegritatem
1209 1917 1385 1981 humanis

192 2017 358 2103 hcorpou's
385 2039 445 2084 non
472 2019 615 2083 hahebat.
668 2038 838 2101 possumus
868 2039 901 2084 er
924 2020 983 2085 hoc
1011 2021 1090 2085 dono
1118 2023 1206 2086 uerbi
1232 2041 1339 2105 proce-

221 2125 344 2190 dentem
375 2125 499 2209 longius
526 2125 660 2207 proferre
692 2145 873 2203 sermonem,
901 2126 956 2191 sed
984 2128 1059 2191 satis
1087 2147 1155 2192 esse
1184 2128 1339 2193 credimus

219 2253 275 2315 per
288 2233 380 2296 deum
394 2210 534 2296 nostrum
549 2231 688 2295 eruditae
703 2231 885 2301 clementiae
898 2234 1019 2297 uestrae
1030 2234 1147 2298 strictis
1163 2235 1338 2316 supplicare

221 2338 476 2422 suggestionibus
514 2339 681 2419 sperantes,
718 2341 756 2400 ut
789 2338 926 2403 lahorem
967 2357 1134 2421 curamque
1169 2331 1338 2421 pastoralis

221 2445 315 2510 officii
338 2443 562 2507 uenerabilium
586 2443 782 2508 decessorum
806 2447 982 2509 uestrorum
1004 2445 1153 2509 Marciani
1175 2449 1208 2510 et
1223 2446 1336 2511 Leonis
1357 2473 1385 2513 so

220 2551 350 2615 sormam
365 2549 466 2614 secuti
480 2549 573 2613 etiam
583 2549 760 2632 principalis
773 2550 930 2631 potentiae
943 2551 1179 2634 participatione
1188 2550 1337 2617 fulciatis.

220 2656 374 2720 habebitis
407 2655 463 2719 deo
495 2654 628 2737 propitio
661 2673 747 2736 spem
779 2655 816 2719 de
849 2656 990 2719 uictoriis
1022 2675 1081 2722 non
1113 2656 1276 2733 iacentem,
1310 2658 1338 2722 si

220 2760 429 2842 pontificalem
451 2765 556 2825 contra
574 2759 687 2824 diaboli
707 2760 922 2841 subreptiones
942 2761 1191 2845 congressionem
1210 2762 1339 2843 pacifica
1424 2754 1426 2758 ⁴

169 2864 209 2926 10
221 2866 258 2929 ad
277 2866 497 2930 decertandum
511 2866 713 2930 instructione
726 2866 885 2931 muniatis.
930 2885 1098 2948 numquam
1112 2867 1143 2931 in
1160 2871 1337 2933 sanctarum

221 2972 421 3036 ecclesiarum
444 2972 593 3036 memoria
607 2971 761 3048 Dioscuri,
784 2973 944 3056 participis
967 2974 1161 3057 Eutychetia
1181 2974 1337 3050 Timothei
1358 3001 1384 3040 ss

221 3080 252 3139 et
277 3076 362 3139 Petri
389 3077 609 3159 parricidarum
638 3079 889 3143 commemoratio
916 3079 1106 3153 reuiuescat;
1135 3082 1278 3144 seruetur
1299 3081 1337 3145 ab

221 3182 364 3247 omnibus
405 3182 621 3263 suspiciendae
663 3182 899 3249 calcedonensis
941 3185 1052 3267 synodi
1093 3184 1149 3249 deo
1185 3204 1241 3268 per
1278 3205 1338 3250 nos

220 3291 365 3370 operante
389 3287 541 3364 definitim
564 3289 698 3353 Acacius
720 3288 806 3352 Petri
828 3290 1023 3354 tenebrarum
1046 3288 1103 3354 filii
1122 3291 1338 3356 communione

218 3395 360 3478 pollutus
383 3395 496 3459 haheat
515 3395 694 3476 participes,
720 3413 798 3476 quos
823 3395 947 3478 delegit,
972 3395 1026 3478 qui
1048 3397 1141 3461 etiam
1166 3396 1246 3461 inter
1264 3416 1338 3462 suos

220 3520 365 3565 excessus
387 3520 443 3564 neo
466 3501 614 3565 de'Petro
632 3501 825 3564 Antiocheno
845 3507 876 3564 et
895 3501 1099 3584 complicibus
1119 3503 1185 3567 eius
1204 3503 1338 3568 nitidum
1358 3532 1386 3572 so

220 3626 252 3670 se
277 3626 345 3672 esse
372 3627 538 3690 perpessus
567 3609 631 3683 est3
659 3609 783 3671 cessent
810 3607 975 3672 maledicta
1001 3609 1061 3692 piis
1090 3612 1214 3675 sanctae
1240 3629 1340 3674 recor·

306 3831 853 3902 mmmmrnmmmm

255 3953 268 4006 1
292 3953 421 4007 hebitudo
450 3953 478 4017 V,
502 3970 569 4008 corr.
596 3953 673 4008 Oua:
695 3954 856 4026 habitudop
946 3960 962 4012 5
985 3963 1154 4028 pupugerunt
1176 3958 1214 4012 0²:
1237 3975 1340 4029 pugna·

219 4041 360 4115 ueruntV
407 4044 472 4095 9ut
489 4043 599 4110 scripsi:
615 4037 644 4098 in
666 4043 692 4096 V
736 4045 767 4096 lo
785 4038 987 4112 praecedentem
1009 4046 1071 4100 Car.
1123 4049 1155 4102 18
1174 4047 1308 4100 dominum
1323 4068 1342 4099 α

219 4130 250 4182 21
271 4130 351 4182 sicuti
375 4129 402 4195 V,
422 4145 488 4185 corr.
507 4130 576 4184 Bar.
630 4132 664 4184 24
683 4148 787 4185 scarum
808 4133 835 4185 V
884 4135 917 4187 27
937 4134 1151 4205 suscipiendaeo
