2864 4620
503 278 590 348 npac
609 277 677 334 ccv
697 279 708 331 1
729 309 762 318 -
782 278 863 335 ocu
880 281 906 334 s.
1204 279 1274 348 665·

656 472 762 556 (eoo.)

190 617 344 686 noansna
365 615 543 661 marmano
567 614 711 660 rnnnsnm.
771 595 857 675 Quos
880 596 1032 662 celsitudo
1051 600 1157 662 uestra
1174 594 1268 662 animi

145 705 230 770 circa
259 721 310 768 me
342 702 393 768 sui
423 701 667 766 beniuolentiam
700 701 845 785 dignatur
872 701 1044 780 ostendere,
1072 702 1176 767 facitis
1202 721 1267 766 rem

147 809 205 874 deo
235 807 384 892 placitam
415 799 451 871 et¹
477 809 578 871 rectae
611 807 818 871 conscientiae
850 810 1081 891 congruentem.
1118 807 1174 873 sed
1206 825 1268 872 non

107 937 127 976 a
148 934 245 999 parua
270 913 362 980 uobis
390 915 463 978 sunt
490 912 584 977 huius
609 914 821 977 emolumenta
842 914 1016 995 propositis
1035 914 1134 978 maior
1154 912 1186 977 in
1209 930 1266 977 uos

148 1022 270 1086 fructus
283 1020 332 1104 de
353 1019 409 1084 tali
431 1018 570 1083 bonitate
592 1018 774 1094 reuertitnr;
798 1037 897 1102 neque
921 1019 1003 1083 enim
1025 1038 1126 1084 uacua
1145 1019 1267 1083 honori-

149 1116 274 1202 licentia
296 1129 354 1202 est,
378 1145 456 1206 quae
479 1124 616 1189 defertur
638 1124 782 1190 antistiti.
805 1125 1016 1190 indubitatum
1035 1125 1189 1208 siquidem
1208 1128 1266 1203 est,
1291 1132 1310 1194 2

150 1233 225 1316 quia
246 1232 344 1297 honor
359 1231 501 1296 'ministri
524 1231 629 1296 cultus
653 1234 702 1295 est
720 1230 846 1309 domini,
865 1233 897 1296 et
915 1232 969 1312 qni
986 1250 1150 1314 personam
1169 1250 1268 1296 sacer-

150 1337 234 1406 dotis
256 1336 361 1421 magni
384 1335 486 1414 habet,
511 1335 659 1401 maiorem
677 1336 957 1406 remunerationem
975 1337 1013 1402 ab
1033 1357 1080 1416 eo,
1092 1338 1151 1402 cui
1169 1355 1267 1401 sacer·

95 1467 132 1508 10
151 1444 208 1508 dos
230 1443 410 1519 famulatur,
434 1441 566 1522 accipiet
589 1440 710 1505 dicente
733 1441 858 1506 domino
877 1442 960 1516 Iesu.
980 1443 1033 1525 qni
1051 1443 1218 1526 prophetas
1236 1443 1268 1506 in

149 1548 265 1613 honore
288 1547 492 1629 susceperint,
516 1565 606 1611 suam
629 1546 802 1611 mercedem
826 1566 895 1613 esse
917 1547 1113 1615 reddendam.
1137 1551 1170 1612 et
1186 1546 1268 1632 apud

149 1671 201 1718 me
236 1653 362 1736 quidem
397 1653 504 1737 magni
540 1655 589 1718 est
625 1653 725 1737 gratia
759 1657 866 1718 uestra
901 1655 1060 1732 momenti,
1097 1674 1133 1719 eo
1165 1657 1268 1718 tamen

149 1759 324 1842 pretiosior,
352 1759 434 1840 quia,
463 1758 611 1841 quicquid
638 1760 716 1823 mihi
744 1760 860 1842 gratim
889 1759 1051 1843 dignanter
1076 1759 1267 1843 impenditis

148 1864 181 1928 in
213 1863 416 1949 ecclesiarum
448 1863 627 1928 defensione
659 1863 852 1928 monstratis.
886 1863 941 1928 sed
971 1867 1009 1929 ut
1040 1863 1079 1929 ad
1109 1864 1152 1942 id,
1185 1859 1311 1945 quod3

99 1993 131 2034 aa
149 1968 303 2035 celsitudo
326 1972 433 2035 uestra
455 1969 619 2048 desiderat,
642 1971 748 2034 noster
770 1989 870 2055 sermo
894 1969 1065 2058 dirigatur,
1080 1989 1268 2052 quamquam

150 2080 183 2142 et
214 2074 478 2141 clementissimus
509 2075 678 2158 imperator
710 2077 742 2139 et
772 2094 830 2140 uos
861 2075 1053 2159 promittatis
1079 2075 1268 2159 legationem

149 2201 219 2247 esec
246 2183 410 2247 uenturam
439 2183 471 2245 et
495 2180 529 2245 id
556 2200 626 2245 cum
654 2180 771 2246 ratione
799 2181 990 2259 conuenerit,
1013 2183 1050 2245 ut
1073 2199 1190 2258 eorum,
1214 2181 1267 2260 qui

149 2287 302 2372 dirigendi
312 2289 395 2363 sunt,
407 2306 501 2370 snper
510 2286 652 2351 omnibns
662 2306 718 2352 nos
730 2286 868 2351 decuerit
877 2290 1036 2370 expectare
1049 2286 1266 2371 praesentiam,

146 2397 263 2470 tamen,
287 2392 360 2476 qnia
383 2395 506 2474 gratum
529 2392 619 2456 nobis
642 2395 691 2457 cat
714 2393 865 2469 studium,
885 2393 968 2474 quod
986 2394 1068 2458 circa
1084 2392 1267 2476 religionem

97 2523 130 2562 ao
148 2517 208 2565 uos
240 2498 352 2564 habere
385 2497 576 2576 declarastis,
608 2517 668 2564 non
701 2502 812 2583 manat
841 2499 1013 2583 praelibare
1044 2498 1174 2563 dicendo
1206 2516 1267 2562 nou
1312 2545 1316 2552 .

150 2624 239 2688 opus,
270 2609 308 2670 ut
339 2605 543 2671 stabilitatem
575 2603 648 2670 fidei
679 2608 802 2669 nestrae
832 2604 1015 2670 intentionis
1042 2604 1267 2686 potiusquam
1315 2651 1320 2662 .

147 2709 277 2776 rationis
292 2729 442 2793 sequaces
459 2711 583 2793 procaci
601 2711 765 2775 uerborum
786 2711 925 2776 nouitate
944 2711 1142 2775 confundant.
1161 2713 1269 2774 sancta
1291 2714 1311 2776 4

148 2815 272 2881 trinitas
304 2819 392 2898 pater
423 2818 455 2881 et
484 2816 570 2881 tilius
603 2819 635 2882 et
666 2817 795 2899 spiritus
828 2820 957 2882 sanctus
989 2816 1067 2880 deus
1100 2834 1181 2881 nnus
1209 2818 1267 2880 est.

148 2921 228 3011 hanc
258 2914 355 2986 Israel
385 2922 492 2987 iussus
521 2922 656 3000 adorare,
686 2921 776 2987 cuius
803 2922 1016 3006 inseparabilis
1045 2921 1269 2986 et‘indiscrcta

100 3050 130 3090 ae
149 3027 326 3092 substantia
346 3046 407 3092 non
429 3030 536 3110 potest
558 3026 666 3106 diuidi,
691 3047 751 3092 non
773 3031 879 3111 potest
896 3028 1048 3113 sacrilega
1068 3026 1268 3092 distinctione

148 3132 293 3217 separari,
318 3136 443 3197 seruata
473 3136 577 3198 tamen
608 3132 795 3217 proprietate
827 3153 885 3198 sua
916 3133 1084 3215 unicuique
1109 3151 1267 3215 personae.

148 3238 224 3304 haec
254 3238 377 3304 interim
409 3238 704 3313 commenda<nda>
740 3238 813 3304 fidei
844 3245 967 3305 uestrae
1000 3238 1175 3322 epistolaris
1203 3238 1311 3303 stili5

146 3344 315 3410 terminum
353 3345 524 3429 cogitantes
561 3363 697 3430 congrua
733 3347 888 3411 oredimus
925 3347 1078 3411 breuitate
1115 3344 1267 3423 sufficere,

236 3578 269 3643 10
286 3559 382 3641 naun.
402 3586 442 3652 ro,
460 3587 493 3639 41

182 3727 250 3782 206.
285 3727 353 3782 Dat.
374 3746 399 3783 α.
422 3732 479 3782 520
496 3744 583 3783 menese
603 3727 679 3783 Febr.
698 3730 743 3783 uel
759 3728 862 3795 Murt.,·
882 3728 1025 3798 respondet
1042 3727 1196 3782 leiaiuai
1213 3728 1267 3796 ep'i·

145 3815 236 3869 aculae
254 3815 409 3885 deperditae
427 3816 510 3871 datae
528 3816 622 3882 (amul
639 3832 699 3870 eum
717 3833 774 3885 epp.
793 3819 843 3869 181
861 3819 916 3869 182
933 3818 1074 3883 183185)
1094 3816 1138 3869 die
1157 3815 1268 3869 191aa.

148 3903 264 3958 ducalem
283 3903 359 3959 anai.
395 3903 469 3960 Edu.
491 3902 603 3958 Gar.1²
622 3906 696 3973 554;
712 3905 781 3958 Bor.
797 3905 835 3958 ad
849 3921 874 3959 a.
892 3907 958 3966 520.
979 3906 1011 3971 5,·
1031 3902 1137 3958 collect.
1154 3902 1270 3969 Oeneil.;

147 3990 230 4044 ΒΓΔ
247 3991 269 4045 I
284 3995 356 4058 446,-
377 3993 455 4047 Ttiez
468 3996 535 4048 3912.
591 3993 623 4048 10
635 3993 699 4047 (iia)
712 3993 757 4063 qui
778 3994 840 4050 θον.
901 3994 931 4047 ll
951 3993 1110 4064 ausciperint
1132 3992 1168 4045 V:
1186 3993 1269 4046 ansei-

145 4077 230 4152 pinat
244 4079 261 4132 o'
335 4081 367 4134 17
387 4081 540 4134 conueneria
566 4087 593 4146 V,
612 4095 680 4138 corr.
701 4081 764 4136 Gar.
839 4083 872 4136 ‘23
891 4097 959 4135 unus
977 4084 1019 4134 eat
1037 4080 1101 4135 dena
1118 4086 1184 4163 trop.
1205 4081 1268 4135 Gar.

148 4165 182 4220 27
201 4167 357 4223 commenda
379 4168 409 4230 V.
428 4184 495 4223 corr.
515 4166 541 4218 ο2
