2864 4620
446 285 532 356 Epist.
552 285 622 341 cxv
641 288 656 340 7
675 317 708 326 -
729 284 812 341 crvr
832 286 857 340 3.
1144 287 1208 375 513

82 481 215 546 dationis
240 501 338 564 papae
360 480 473 544 Leonis
496 480 620 563 ingesta
643 481 853 563 dogmatibus,
878 494 956 561 quae¹
975 480 1060 544 solos
1079 479 1212 562 quidem>
1246 487 1247 490 ’

81 588 136 652 illo
159 589 190 650 in
215 588 281 650 suis
304 589 447 649 manente
467 587 601 666 puniunt
619 586 802 669 irrogantes,
848 585 958 660 inhio,
979 604 1058 667 quae
1076 585 1207 668 praefati
1220 579 1258 642 11

82 713 203 770 sumus,
229 692 473 757 sollicitudinem
490 691 589 755 uestri
608 691 798 780 aduooamus
821 691 959 775 imperii}
982 690 1099 774 poterit
1125 692 1207 755 enirn

81 801 182 882 pietas
205 803 312 864 uestra
333 798 393 862 hoc
412 797 590 862 custodiens
610 797 713 878 apices
729 800 765 860 'et
784 801 907 878 sceptra
925 817 983 862 sua
999 800 1072 881 post
1089 798 1207 862 multos

51 925 178 968 eaunos
202 904 239 968 ad
263 905 360 968 alium
383 904 543 967 saeculum
565 903 726 985 possidere
748 905 907 968 translata.
931 904 1082 985 suscipite
1099 906 1261 985 precesl2

82 1014 204 1074 nostras
223 1030 277 1093 per
294 1009 470 1073 Ennodium
486 1013 578 1090 atque
597 1009 804 1073 Fortunatum
821 1010 933 1074 fratres
954 1013 986 1074 et
1004 1010 1206 1091 coepiscopos

83 1120 207 1181 nostros
248 1135 305 1180 nec
345 1134 405 1178 uon
448 1114 636 1179 Ueientium
677 1115 895 1198 presbyterum
937 1119 1029 1198 atque
1056 1115 1207 1181 Uitalem

83 1223 247 1285 diaconum
271 1222 324 1285 uel
346 1221 491 1285 Hilarum
519 1221 674 1284 notarium
697 1221 778 1297 filios
802 1224 936 1297 nostros,
966 1241 1097 1304 quorum
1125 1222 1209 1303 apud

83 1347 140 1392 nos
171 1327 248 1391 fides
279 1327 310 1390 in
345 1327 394 1391 dei
425 1328 536 1390 timore
569 1327 771 1408 studiumque
805 1327 983 1409 perclaruit,
1014 1346 1069 1410 pro
1101 1331 1206 1392 uestro

39 1458 65 1498 rc
84 1452 189 1498 amore
225 1433 424 1498 transmissas
461 1438 493 1496 et
527 1432 682 1515 placidam
715 1433 783 1497 uice
815 1435 921 1497 nostra
957 1433 1207 1515 supplicantibus

84 1539 307 1604 conscientiam
332 1538 542 1603 commodate!
572 1557 733 1620 speramus
758 1528 894 1602 enimet
916 1539 954 1602 de
977 1539 1034 1604 deo
1058 1539 1261 1604 habentee13

84 1644 229 1708 fiduciam
267 1643 451 1727 pollicemur
488 1644 602 1721 studia,
641 1663 720 1726 quae
756 1663 774 1707 a
809 1645 901 1709 uobis
937 1665 1029 1709 uerae
1064 1645 1208 1728 religioni

83 1751 226 1830 impensa
260 1750 386 1826 fuerint,
424 1750 490 1813 sine
525 1749 729 1814 retributione
762 1753 793 1814 et
823 1751 959 1833 praemio
996 1769 1057 1814 non
1092 1751 1206 1815 futura.

83 1856 165 1919 Data
188 1856 244 1920 ΙΙΙ.
268 1855 315 1920 Id.
337 1858 419 1940 Aug.
443 1856 600 1921 Florentio
623 1876 654 1922 u.
680 1876 704 1922 c.
729 1876 813 1921 cons.

39 2093 65 2133 15
593 2049 699 2133 (llo.)

82 2191 244 2236 Innlonnns
279 2166 330 2247 QUl
365 2193 465 2237 DATUS
497 2192 553 2236 EST
584 2192 720 2236 ENNODIO
753 2192 791 2235 ΕΤ
827 2191 1008 2237 Fonunnsuo
1048 2190 1209 2236 EPISCOPIS

129 2299 287 2343 ‘UENANTIO
311 2298 506 2343 Penscrnnno
529 2298 635 2342 mucul
657 2297 795 2342 discordo
817 2298 856 2342 ΕΤ
879 2297 991 2342 siduno
1014 2297 1159 2342 NOTARIO.

129 2401 208 2466 Cum
233 2402 282 2465 dei
306 2402 459 2467 adiutorio
484 2406 514 2466 et
537 2402 728 2466 orationibus
752 2403 965 2484 apostolorum
992 2402 1153 2466 uenientes
1174 2401 1207 2464 in

83 2512 188 2591 partes
222 2507 431 2586 Graecinum,
464 2509 491 2573 si
523 2509 663 2593 episcopi
698 2508 854 2573 noluerint
885 2527 1052 2586 occurrere,
1084 2508 1114 2571 in
1148 2526 1209 2589 qna

40 2639 67 2678 20
85 2615 175 2677 decet
202 2633 254 2678 eos
281 2615 480 2678 ueneratione
509 2614 668 2696 suscipite,
696 2618 728 2677 et
751 2616 778 2679 si
801 2615 957 2678 noluerint
978 2613 1209 2678 successionem

87 2739 203 2801 parare,
227 2721 323 2784 nolite
347 2740 500 2803 spernere,
524 2741 562 2785 ne
584 2720 741 2785 iudicetur
765 2740 782 2784 a
803 2721 892 2785 laicis
915 2721 1034 2784 unllam
1055 2737 1113 2784 uos
1136 2738 1208 2783 cum

84 2825 162 2905 ipsis
196 2824 308 2888 habere
340 2827 421 2889 uelle
455 2826 662 2890 concordiam.
703 2826 728 2889 si
761 2845 835 2889 uero
869 2825 907 2889 ad
939 2825 1120 2889 conuiuium
1149 2844 1207 2888 uos
1239 2822 1258 2885 2

85 2948 195 3012 rogare
227 2931 394 3007 noluerint,
426 2931 541 2995 blanda
573 2933 770 2996 excusatione
802 2951 854 2996 eos
887 2931 1039 2996 declinate
1071 2931 1209 2994 diceutes

85 3037 190 3112 ‘orate
213 3040 251 3100 ut
281 3037 416 3119 primum
439 3039 525 3101 illam
548 3039 713 3120 mysticam
736 3057 874 3102 mensam
897 3057 1071 3102 mereamur
1095 3036 1209 3100 habere

42 3168 68 3208 aa
87 3159 293 3221 communem,
319 3146 350 3207 et
372 3146 448 3207 tuno
471 3145 530 3208 erit
551 3144 641 3209 nobis
664 3145 727 3208 ista
748 3143 930 3209 iucundior'.
961 3143 1112 3208 uictualia
1133 3162 1207 3207 uero
1239 3133 1261 3195 3

85 3246 137 3310 uel
161 3248 187 3310 si
212 3267 272 3328 qua
296 3247 357 3312 alia
380 3249 488 3313 offerre
515 3251 682 3325 noluerint,
710 3251 838 3332 excepte
862 3253 967 3314 tamen
994 3249 1207 3322 subnectione,

86 3352 114 3414 si
130 3371 232 3417 causa
254 3356 442 3435 poposcerit,
466 3356 561 3420 nolite
586 3357 744 3438 suscipere
768 3356 823 3419 sed
845 3355 950 3420 taliter
968 3357 1113 3419 excusate
1131 3352 1209 3417 nihil

85 3455 192 3521 deesse
221 3457 370 3534 dicentes,
399 3463 559 3543 sperantes
586 3461 690 3538 etiam,
719 3463 755 3524 ut
782 3460 902 3523 animos
934 3478 1007 3524 suos
1039 3457 1129 3522 uobis
1157 3457 1208 3521 ad-

120 3736 135 3788 5
164 3734 246 3787 aliurn
278 3735 316 3787 V:
343 3735 415 3788 aliud
442 3736 511 3789 Bar.
636 3736 784 3805 possideret
819 3735 850 3799 V,
878 3751 945 3790 corr.
979 3754 992 3786 o
1116 3735 1132 3788 8
1160 3736 1208 3803 hy-

83 3825 169 3878 larum
187 3824 215 3877 V
266 3825 298 3878 12
316 3842 378 3879 uere
401 3825 426 3877 V

121 3914 187 3970 116.
237 3914 305 3967 Dat.
326 3915 360 3968 ad
373 3915 525 3969 Hormisda
540 3916 634 3984 tepetis
648 3933 673 3968 a.
693 3917 745 3968 515
760 3916 803 3968 die
813 3919 843 3967 11
859 3916 926 3982 Aup.
944 3911 1208 3980 Gdrcstantinopolim

79 4002 321 4070 proficiscentibus.
415 4004 488 4058 Edd.
509 4005 571 4057 Cor.
591 4002 621 4056 1²
641 4007 712 4070 457;
730 4004 798 4056 Bar.
823 4003 862 4056 od
884 4019 910 4055 α.
938 4004 998 4065 515,
1022 4004 1074 4063 24,·
1099 3998 1207 4054 Oollcct

88 4092 204 4157 0011011,Ι
226 4091 304 4145 rotet
325 4094 390 4145 748.
464 4077 639 4145 12111101]ιῖ
658 4093 687 4157 V,
707 4107 808 4147 corno
891 4092 922 4144 17
939 4106 1032 4142 vunnu
1056 4087 1086 4153 V,
1105 4103 1208 4158 occup

83 4195 188 4233 urnuno
212 4180 238 4232 V
288 4177 323 4234 24
340 4197 487 4234 mereamur
505 4200 531 4234 o:
550 4197 724 4234 memoramur
747 4180 773 4233 V
823 4183 857 4234 25
874 4179 951 4232 nobis
969 4178 1038 4232 Bar.

1106 4282 1155 4336 33*
