2864 4620
423 261 508 330 Epist.
528 258 648 315 CCXVII
666 258 682 311 θ
700 289 734 298 -
753 257 887 312 CCXVIII
904 258 928 311 2.
1171 258 1235 323 679

112 457 332 540 Eutychetem.
355 455 499 519 sufficere
521 454 614 519 debet
637 455 797 532 ecelesiae,
821 453 904 537 quod
925 473 981 534 per
1001 452 1058 517 LX
1080 470 1174 517 annos
1198 451 1236 515 ab

114 562 289 647 Eutychete
317 560 536 644 usquemodo
565 561 738 626 sustinuit'.
805 561 895 625 nobis
924 558 1007 642 quod
1038 558 1145 622 uisum
1178 559 1290 635 est‚10

115 668 317 751 scripsimus3
349 667 381 731 in
413 671 520 732 uestra
550 669 707 751 potestate
739 669 788 732 est
819 666 998 742 deliberare,
1032 663 1128 746 quod
1145 662 1237 728 uobis

116 775 194 840 deus
215 773 428 858 imperauerit,
452 773 597 855 quoniam
620 774 679 838 hoe
701 773 751 837 illi
774 773 916 838 nituntur
934 789 1071 836 asserere
1090 789 1125 835 eo
1144 756 1237 834 modo

80 873 178 946 ssibi
214 880 394 946 satisfacere
431 879 602 961 cupientes,
640 882 677 944 ut
711 879 757 944 ita
792 879 994 962 profiteamur
1029 879 1061 942 et
1096 875 1237 940 dieamus

115 1005 213 1050 uuum
241 985 279 1051 de
305 985 446 1050 trinitate
473 975 601 1068 pessum
631 1004 711 1066 esse,
735 985 819 1068 quod
841 1003 899 1050 neo
920 987 1024 1068 patres
1047 1001 1104 1048 neo
1127 981 1239 1067 synodi

116 1085 269 1159 dixerunt.
334 1090 399 1156 ista
419 1091 502 1156 ‘ideo
538 1109 597 1173 per
630 1092 755 1176 singule
791 1091 1001 1173 exposuimus,
1037 1108 1076 1153 ne
1112 1088 1288 1154 illorumll

116 1197 277 1262 subtilitas
301 1196 452 1282 glorietur
473 1197 504 1260 iu
527 1199 634 1262 nostra
657 1196 877 1280 simplicitate:
900 1199 1026 1279 propter
1042 1196 1121 1260 istas
1139 1211 1238 1258 nouas

116 1321 191 1368 suus
225 1302 414 1368 intentiones
450 1300 609 1366 Uitaliauo
645 1302 810 1386 magnifico
846 1301 914 1367 uiro
953 1299 1178 1383 subripuerunt
1208 1301 1240 1363 et

69 1409 193 1474 setalia
218 1407 378 1474 uindicare
406 1409 437 1485 et
462 1427 518 1491 pro
546 1407 664 1472 talibus
686 1408 781 1473 rebus
804 1411 912 1474 eontm
932 1417 1000 1484 nos,
1024 1424 1239 1490 quaeoumque

113 1497 229 1597 potuit,
238 1513 460 1597 impedimenta
471 1513 589 1591 efferre,
601 1514 691 1578 ouius
705 1513 957 1580 immutationem
967 1511 1067 1577 omnis
1076 1511 1239 1577 nobiseum

116 1620 210 1684 deflet
240 1619 385 1685 ecelesia.
417 1622 607 1703 quapropter
632 1636 791 1705 rogemus,
819 1622 856 1684 ut
883 1621 1033 1684 consueta
1059 1617 1182 1682 cautela
1209 1621 1291 1687 etl2

116 1738 179 1808 qua
209 1725 292 1791 solet
322 1725 455 1791 domnus
486 1728 594 1790 noster
624 1725 787 1810 uigilantia
824 1725 980 1811 cogitetis,
1016 1728 1049 1789 et
1084 1723 1239 1806 quomodo

116 1831 310 1913 suscipiendi
338 1831 412 1909 sint,
442 1831 495 1913 qui
523 1851 541 1894 a
568 1831 791 1896 nobistaliter
817 1833 1014 1897 recesserunt
1041 1832 1073 1896 et
1095 1849 1112 1894 a
1134 1833 1241 1894 nostra

71 1958 101 2004 ro*
115 1938 245 2002 fuemnt
271 1936 490 2003 communione
519 1937 663 2016 seiuncti,
692 1940 724 2001 et
751 1937 826 2019 quid
858 1937 903 2002 eis
933 1936 1158 2020 respondeatur
1187 1936 1241 2000 uel

114 2044 272 2125 quomodo
297 2061 403 2108 eorum
428 2043 567 2126 capitula
584 2043 782 2126 repellantur,
802 2043 875 2125 quia
893 2061 946 2108 eos
965 2061 1071 2109 omnes
1091 2040 1240 2107 Constan-

114 2149 322 2233 tinopolitano
344 2149 500 2214 natholiae
523 2150 664 2214 exhorret
686 2148 828 2214 ecelesia.
878 2135 1034 2213 Datelll.
1051 2147 1124 2212 Kal.
1143 2147 1240 2212 Iulias

117 2253 396 2339 Constantinopoli.
701 2266 703 2269 ·

624 2429 731 2514 (era.)

64 2585 94 2624 so
409 2572 483 2616 rrnu
505 2555 672 2617 susensme
692 2541 816 2627 vcruorum
839 2555 945 2617 suras.

159 2675 261 2740 Filius
292 2678 399 2740 uester
428 2675 615 2760 magnificus
643 2675 693 2740 uir
719 2676 913 2741 Iustinienus
940 2695 990 2741 res
1018 2676 1240 2742 conuenientes

113 2774 191 2845 fidei
222 2785 305 2845 suae
325 2780 444 2845 faciens
471 2781 636 2846 basilicam
664 2784 842 2846 sanctorum
869 2781 1093 2864 apostolorum,
1120 2782 1152 2846 in
1181 2801 1242 2865 qua

114 2886 273 2951 desiderat
296 2888 327 2951 et
349 2887 435 2952 beati
451 2888 611 2953 Laurentii
629 2888 774 2973 martyris
792 2889 942 2972 reliquias
955 2908 1040 2967 esse,
1060 2888 1240 2954 oonst'tuit:

115 2995 222 3074 sperat
249 3012 306 3077 per
335 2994 526 3075 paruitatem
557 2997 706 3073 nostram,
739 2997 776 3060 ut
806 2995 1035 3079 praedictorum
1064 2997 1242 3059 sanctorum

57 3133 92 3174 se
112 3097 264 3179 reliquias
283 3098 425 3162 celeriter
443 3098 631 3164 concedatis.
686 3099 797 3171 habuit
816 3100 942 3181 quidem
958 3100 1071 3182 petitio
1089 3098 1242 3183 praedicti
1274 3102 1300 3171 2,

112 3201 177 3267 uiri
207 3203 388 3268 seeundum
412 3222 532 3268 morem
565 3203 756 3271 Graecorum
789 3209 821 3270 et
847 3225 904 3270 nos
933 3225 950 3270 e
978 3209 1085 3270 eontra
1113 3225 1242 3270 eonsue-

110 3306 255 3372 tudiuem
286 3307 370 3372 sedis
402 3303 593 3390 apostolieae
626 3311 835 3392 exposuimus.
868 3310 991 3394 aceepit
1020 3311 1182 3376 rationem.
1211 3313 1243 3376 et

112 3411 189 3494 quia
218 3412 292 3478 telis
325 3413 429 3479 feruor
456 3416 504 3479 est
529 3407 610 3478 ¹fidoi
642 3415 720 3494 eius,
754 3417 808 3498 qui
840 3419 995 3481 mereatur
1027 3415 1175 3500 quioquid
1200 3417 1242 3480 de

112 3518 290 3600 apostoliea
317 3519 391 3585 sede
411 3521 646 3604 depoposcerit,
675 3526 706 3587 et
732 3524 796 3587 tale
824 3526 883 3602 est,
913 3523 996 3605 quod
1020 3527 1136 3606 speret
1160 3522 1241 3587 unde
1276 3523 1279 3527 ’

154 3704 366 3764 leuthiehetem
389 3704 427 3764 V'
465 3705 635 3764 2euticheto
658 3711 683 3763 V
734 3713 913 3782 limpauerit
936 3713 967 3776 V,
987 3698 1055 3767 corr.
1069 3700 1091 3764 ἀ
1144 3714 1242 3768 9sub-

111 3801 255 3867 repserunt
271 3799 335 3854 edit.
352 3816 405 3869 ree.
487 3794 519 3853 1'4
538 3799 665 3870 suspendi
684 3818 708 3864 α,
726 3801 799 3856 uada
817 3802 997 3872 suspendendi
1015 3800 1042 3853 ο2
1126 3804 1158 3856 16
1170 3795 1242 3872 fort,

111 3886 200 3940 omnis
253 3888 287 3941 18
306 3886 614 3957 Constantinopoliml'

150 3974 216 4030 218.
263 3975 337 4030 mee.
354 3981 386 4030 ee
403 3992 442 4044 ep.
461 3980 524 4032 216.
600 3977 674 4031 an.
697 3975 760 4031 ear.
778 3978 808 4030 12
828 3968 899 4045 524'5
916 3979 985 4058 aar.
1005 3980 1044 4034 aa
1062 3997 1087 4034 a.
1110 3983 1170 4043 ore,
1193 3983 1252 4047 932,

115 4061 225 4118 Colleet.
251 4061 369 4131 Goaeil.,·
395 4055 474 4119 rtet
497 4067 564 4118 873.
654 4065 822 4119 remoretur
844 4067 876 4128 V,
896 4068 1000 4121 correxi
1089 4069 1122 4122 29
1140 4067 1192 4121 ude
1211 4083 1243 4121 ex

111 4159 162 4203 ure
179 4165 247 4204 corr.
272 4148 295 4206 V
