2864 4620
523 299 609 369 Epist.
629 297 744 354 ccxxv
764 297 839 352 1-8.
1181 303 1243 367 ogo

117 493 212 559 nobis
242 494 280 559 ab
308 493 506 575 apocrisiario
534 483 687 559 Dorothei
714 491 829 556 ‘iubete
857 492 1000 576 dirigere,
1034 493 1088 575 qui
1118 493 1244 560 libellos

119 600 296 682 suscipiat'.
329 600 536 665 deliberatum
569 600 628 677 est,
660 598 745 663 sicut
779 598 998 680 praediximus,
1034 600 1244 664 uenerabilem
1307 676 1309 680 Α

117 706 292 771 Iohannem
325 706 507 789 episcopum
539 705 698 769 ambulare
730 708 771 781 et,
803 707 840 769 ut
869 705 998 770 haberet
1028 705 1245 770 testimonium

120 813 362 895 subscriptionis
385 812 521 890 illorum,
544 811 725 895 rogauimus
749 811 929 893 piissimum
951 811 1179 893 imperatorem,
1208 815 1244 876 ut

81 939 96 980 ⁵
120 923 158 983 et
176 937 279 984 comes
301 918 442 984 Licinius
466 918 640 983 ambularet
662 929 734 983 cum
758 937 805 984 eo.
829 917 910 1000 quod
934 920 966 982 et
988 918 1107 983 factum
1131 921 1188 983 est.
1212 921 1245 982 et
1268 917 1287 980 5

122 1025 199 1108 quia
212 1075 214 1078 .
227 1028 437 1108 pe1uenerunt
467 1024 499 1088 in
531 1023 703 1101 ciuitatem,
735 1025 877 1088 nuntiata
909 1028 958 1088 est
992 1024 1148 1089 Dorotheo
1186 1043 1242 1107 per

121 1130 271 1196 comitem
291 1129 448 1194 licinium
469 1128 645 1211 praesentia
667 1131 852 1194 nostrorum.
873 1129 926 1211 qui
945 1128 1055 1193 direxit
1072 1128 1243 1194 Aristidem

120 1237 339 1321 presbyterum
367 1253 440 1300 cum
467 1234 536 1299 aliis
566 1234 688 1300 duobus
716 1235 882 1318 episcopis,
911 1253 989 1316 qnos
1013 1235 1100 1300 solus
1123 1236 1244 1301 sciebat

121 1343 318 1408 aduersarios
356 1361 423 1407 esse
460 1340 588 1424 negotii,
624 1343 662 1405 ut
696 1344 819 1406 nostros
855 1341 986 1407 uideret.
1024 1359 1096 1406 cum
1128 1342 1242 1424 quibus

68 1469 98 1508 ιο
119 1449 291 1514 uoluerunt
307 1449 409 1513 faeere
426 1448 458 1512 in
476 1447 585 1530 primis
609 1446 777 1512 certamina
799 1447 836 1512 de
859 1447 975 1511 libellis
999 1447 1137 1513 dieentes
1160 1451 1244 1513 ‘sunt

121 1554 271 1636 capitula,
295 1554 530 1636 quae-debeant
552 1552 728 1641 emendari’.
753 1552 896 1616 dixerunt
918 1553 1017 1616 nostri
1039 1571 1100 1617 non
1124 1572 1192 1619 esse
1210 1555 1242 1618 in

118 1662 278 1749 potestate
306 1660 446 1743 ipsomm
474 1652 532 1725 hoc
559 1659 677 1724 facere:
705 1659 743 1723 ‘si
769 1658 868 1723 uultis
890 1660 1003 1736 faeere,
1028 1659 1085 1725 deo
1108 1659 1241 1742 gratias;

113 1766 151 1835 si
164 1785 225 1831 non
239 1766 340 1830 uultis
353 1766 465 1843 facere,
480 1764 634 1842 uenimus,
654 1765 863 1829 salutauimus
881 1777 950 1842 uos,
969 1764 1240 1847 perambulamus'.

121 1872 335 1936 discesserunt
360 1875 434 1953 post
458 1871 521 1936 ista
548 1870 653 1934 uerba.
721 1870 760 1935 ad
792 1869 885 1934 aliam
917 1870 999 1935 diem
1031 1873 1242 1936 conuenerunt
1265 1857 1285 1932 6

69 1997 98 2037 1⁵
120 1978 237 2043 iterum
264 1977 329 2055 ista
353 1977 516 2058 loquentes
545 1978 586 2054 et,
615 1978 780 2058 antequam
807 1975 1052 2058 propositionem
1075 1977 1241 2041 uerborum

119 2083 280 2162 fecissent,
309 2083 365 2148 ubi
392 2093 451 2155 non
480 2084 529 2147 est
554 2082 686 2146 intentio
715 2085 870 2165 generata,
899 2102 958 2147 non
989 2083 1103 2148 iniuria
1134 2084 1242 2161 secuta

121 2191 182 2268 est,
205 2189 310 2255 subito
332 2191 469 2271 populus
491 2189 619 2253 insanus
638 2188 730 2260 irruit
747 2207 841 2269 super
857 2188 964 2270 ipsum
982 2192 1013 2253 et
1031 2189 1109 2254 duos
1128 2207 1240 2271 pueros
1285 2241 1286 2244 η

121 2295 303 2366 occiderunt
324 2295 473 2378 episcopi,
497 2296 592 2383 caput
615 2294 709 2358 etiam
727 2293 886 2378 fregerunt
904 2295 1050 2376 episeopo
1068 2278 1099 2358 in
1120 2294 1240 2358 duabus

120 2399 263 2484 partibus
291 2403 323 2465 et
348 2419 438 2464 renes
462 2400 529 2465 eius
555 2399 787 2482 dissipauerunt
810 2402 850 2478 et,
874 2400 935 2464 nisi
956 2400 1168 2465 misericordia
1190 2399 1242 2464 dei

70 2525 100 2564 eo
121 2509 154 2571 et
186 2506 323 2572 defensio
356 2506 456 2570 sancti
486 2506 586 2570 Marci
616 2505 764 2570 basilicae
791 2506 926 2572 eruisset
952 2525 1005 2571 eos
1033 2506 1070 2571 de
1097 2506 1241 2570 manibus

122 2631 239 2690 eorum,
266 2612 311 2677 ibi
337 2607 502 2696 perierant
529 2610 654 2676 liberati
682 2614 755 2674 sunt
781 2614 896 2691 tamen,
929 2612 1083 2695 quomodo
1116 2611 1240 2690 dicitur,

74 2762 77 2768 ·
122 2717 197 2800 quia
221 2736 332 2783 manus
359 2717 485 2802 publica
512 2720 704 2801 supemenit,
732 2737 811 2801 quae
839 2739 892 2784 eos
916 2738 1021 2784 eruere
1043 2719 1157 2801 potuit.
1178 2719 1242 2782 ista
1264 2718 1282 2781 7

122 2826 156 2888 et
177 2823 318 2916 istorum
335 2823 604 2904 concinnamenta
635 2813 786 2896 Dorothei
816 2827 936 2890 malitia
973 2824 1151 2899 fabricauit,
1188 2824 1242 2906 qui
1329 2876 1330 2879 ,

109 2918 193 2994 ¹ante
218 2929 350 2994 biduum
382 2948 476 3012 quam
506 2930 704 3011 peruenirent
734 2933 834 2996 nostri
864 2931 1118 3005 Thessalonicam
1149 2949 1242 3011 super

72 3056 100 3096 aa
122 3035 184 3100 duo
211 3035 299 3100 milia
323 3035 506 3117 baptizabit,
535 3040 727 3102 sacramenta
757 3040 845 3102 tanta
875 3038 1017 3122 erogauit
1047 3037 1079 3100 in
1111 3038 1239 3118 populo,

123 3159 202 3224 quae
223 3141 347 3224 possint
366 3142 446 3224 ipsis
469 3141 508 3206 ad
526 3146 667 3225 tempora
685 3142 838 3222 sufficere,
858 3143 1035 3234 significans
1050 3143 1148 3225 plebi,
1169 3143 1242 3224 quia

121 3245 198 3339 fides
228 3250 314 3312 reeta
347 3250 495 3332 mutatur.
527 3249 590 3313 ista
623 3249 777 3330 quomodo
809 3267 869 3313 non
900 3249 1072 3314 habuerant
1109 3248 1241 3313 excitare

105 3343 296 3435 populum?
318 3353 381 3417 ista
404 3372 495 3434 quem
519 3373 578 3419 non
601 3354 779 3418 inuitabant
800 3354 839 3418 ad
862 3355 1070 3421 seditionem?
1092 3353 1240 3437 posthoc
1264 3354 1284 3416 8

123 3459 155 3523 et
176 3459 281 3540 ipsum
303 3459 457 3535 libellum,
482 3478 573 3542 quem
592 3460 709 3525 fecerat
728 3462 799 3525 oum
819 3461 983 3544 episcopis,
1003 3463 1072 3525 ante
1090 3461 1241 3543 populum
1326 3455 1328 3459 ’

72 3572 104 3630 s'o
124 3563 219 3643 scidit
245 3563 351 3630 dicens
379 3567 448 3650 ‘ego
474 3564 561 3630 istud
588 3583 688 3646 usque
716 3565 755 3629 ad
780 3569 912 3653 mortem
938 3586 1041 3632 meam
1072 3584 1241 3648 numquam

156 3925 367 3982 ideliberetum
389 3928 426 3982 V.-
443 3927 628 3982 denuntiatum
648 3947 665 3979 α
726 3929 825 3998 6quia
841 3930 951 3983 notione
967 3927 1109 3998 tenporali
1173 3927 1240 3980 nun-

45 4075 49 4081 ,
88 4049 90 4052 >
119 4014 219 4069 tiatnm
239 4058 245 4071 .
268 4057 274 4069 .
294 4012 451 4086 praesentia
477 4016 509 4080 V,
537 4033 604 4072 corr..
629 4017 718 4080 thiel.-
746 4005 900 4075 nuntiatum
917 4016 1137 4085 ..praesentiam
1167 4015 1240 4080 Gor,

119 4102 272 4157 nuntiatum
291 4146 297 4158 .
313 4145 320 4171 ,
337 4105 515 4174 praesentiam
528 4105 650 4159 (adesse)
662 4105 731 4159 Bor.
819 4105 836 4159 8
859 4105 929 4159 solos
952 4105 1021 4162 Bar.
1110 4105 1145 4158 24
1167 4104 1241 4158 thes·

120 4190 239 4246 salomes
261 4192 292 4257 V,
311 4207 377 4247 corr.
391 4190 418 4242 ο2
471 4194 505 4248 30
522 4193 622 4247 scindit
643 4193 674 4258 V,
693 4209 760 4249 corr.
778 4194 847 4247 Bor.

1138 4299 1188 4353 44*
