2864 4620
219 292 282 355 628
375 287 519 342 Hormisda
536 286 654 341 Thomas
673 288 701 340 et
717 287 885 351 Nicostrato3
904 286 1047 340 Hormisda
1059 287 1189 345 Dioscoro

218 487 324 549 nostra
355 482 441 546 fuere
474 480 627 545 desideria
654 483 686 544 et
712 480 775 563 ipsi
798 500 920 564 sempor
953 482 1118 563 optabant;
1151 502 1211 548 non
1246 483 1353 549 solnm

220 591 303 655 enim
315 589 386 654 loca
404 588 449 652 eis
469 588 575 652 debita
593 587 739 650 dicuntur
757 586 862 651 ablata
876 587 931 652 sed
950 607 968 651 a
986 589 1205 653 communione
1225 608 1353 673 qnoque

165 694 195 756 >2
219 716 272 763 eos
303 694 511 778 cognonimus
542 693 641 757 fuisse
679 711 859 775 suspensos.
907 694 989 776 quod
1021 714 1115 775 qnam
1148 696 1257 760 acerbe
1290 696 1354 761 fert

189 872 191 875 ,
219 802 341 866 animus
360 803 476 877 noster,
496 801 589 864 etiam
603 799 830 863 fraternitatem
845 797 1070 885 (dilectionem)
1084 804 1172 864 tuam
1191 801 1352 866 credimus

219 907 384 973 aestimare
409 909 440 970 et
461 906 531 970 ideo
560 910 707 988 quantam
731 906 926 989 diligentiam
950 925 1062 971 causae
1086 907 1201 971 uidetis
1230 908 1353 990 magni·
1383 927 1395 969 s

218 1014 360 1077 tudinem
392 1031 531 1096 poscere,
563 1016 682 1077 tantam
713 1032 772 1077 uos
805 1013 976 1077 efficaciam
1009 1013 1130 1077 debetis
1162 1014 1229 1077 sine
1261 1033 1354 1078 mora

218 1122 375 1203 praestaro
399 1123 430 1183 et
454 1138 556 1203 agere,
580 1139 618 1184 ne
640 1138 696 1183 nos
719 1119 821 1197 magis
841 1120 924 1202 apud
942 1138 1021 1201 quos
1040 1120 1167 1184 fuerunt
1185 1118 1354 1184 uideamur

219 1246 290 1292 esse
319 1225 501 1308 contempti,
525 1244 598 1289 cum
620 1225 685 1289 illis
709 1228 815 1289 contra
846 1245 939 1307 quam
967 1225 1156 1289 desiderium
1183 1243 1352 1290 commune

218 1331 331 1398 habuit
344 1331 566 1398 sollicitudinis
580 1331 725 1396 molestia
738 1332 834 1396 fuerit
846 1332 1025 1397 indecenter
1038 1331 1153 1396 iniecta
1166 1331 1197 1394 in
1212 1333 1352 1408 tantum,

218 1433 257 1502 ut
277 1457 334 1503 nec
357 1437 394 1503 de
425 1437 631 1518 facultatibus
665 1456 782 1513 eorum,
807 1456 886 1519 quae
916 1437 961 1501 eis
990 1437 1137 1501 dicuntur
1167 1437 1309 1515 inuasae,
1335 1457 1399 1510 a10

213 1545 312 1618 ,fratre
336 1549 367 1615 et
390 1543 576 1628 coepiscopo
598 1546 704 1609 nostro
727 1543 863 1607 Iohanne
887 1542 1010 1607 dicatur
1032 1542 1151 1624 aliquid
1170 1542 1353 1609 ordinatum

218 1671 275 1717 nec
296 1653 419 1717 litteras
452 1654 584 1728 nostras,
609 1670 686 1733 quas
708 1670 765 1733 per
787 1669 840 1715 eos
863 1651 1019 1728 misimus,
1043 1651 1143 1715 fnisse
1171 1652 1352 1732 susceptae.

174 1763 195 1826 3
220 1757 258 1824 de
285 1758 399 1840 quibus
428 1740 572 1823 omnibus
603 1757 649 1826 ita
675 1776 733 1821 uos
762 1776 853 1840 agere
881 1756 1092 1821 desideramus
1122 1756 1285 1834 instanter,
1315 1759 1355 1821 ut

219 1863 258 1928 ad
290 1882 346 1928 nos
376 1860 487 1927 caritas
520 1865 626 1926 uestra
658 1861 696 1926 do
734 1862 846 1926 effectu
878 1862 972 1925 huius
1006 1879 1118 1926 causae
1150 1860 1256 1924 ualeat
1289 1862 1351 1925 sub

220 1963 379 2035 celeritate
402 1969 582 2034 rescribere.
629 1968 710 2033 Data
732 1969 826 2043 <die>
852 1988 912 2050 qno
937 1986 1032 2049 supra
1054 1986 1140 2034 cons.
1164 1985 1207 2031 ss.
1374 2014 1398 2054 ,5

730 2160 836 2244 (rra.)

263 2301 417 2353 ronrersnn
431 2303 554 2349 rnornn
569 2303 608 2347 nn
622 2302 814 2349 mcosrnnro
833 2303 1002 2349 nrrscorrs.
1040 2277 1190 2349 Animum
1204 2286 1351 2348 nostrum

218 2410 274 2472 pro
307 2391 432 2474 negotio
465 2394 571 2454 uestro
606 2391 743 2455 otiosum
775 2393 830 2455 ant
857 2390 996 2454 desidem
1028 2409 1089 2455 non
1115 2390 1246 2472 putetis,
1276 2409 1352 2453 nam

219 2516 280 2561 non
308 2494 400 2561 aliter
422 2496 459 2560 de
487 2499 595 2562 uestra
620 2497 803 2582 fatigatione
831 2516 925 2580 quam
949 2496 986 2562 de
1008 2497 1133 2580 propria
1156 2497 1351 2579 cogitamus.

175 2604 195 2666 2
219 2602 312 2666 Mena
326 2601 482 2685 siquidem
497 2602 647 2668 ecclesiae
661 2606 785 2667 nostrae
800 2603 920 2668 notario
938 2602 1117 2666 insinuante
1140 2601 1351 2685 cognouimus
1369 2633 1397 2674 20

219 2708 426 2787 cari<ta>tem
445 2717 583 2774 uestram
607 2709 707 2774 adhuc
731 2709 985 2774 obsemationum
1009 2696 1351 2772 molestias'sustinere

220 2816 252 2878 et
282 2815 363 2887 ideo,
400 2819 435 2879 ut
468 2815 538 2880 istis
571 2815 816 2880 aduersitatibus
854 2816 931 2880 deus
969 2815 1165 2896 omnipotens
1203 2813 1353 2896 dignetur

218 2924 375 3004 praestare
398 2922 581 2996 remedium,
601 2925 667 2986 tam
686 2922 724 2987 ad
741 2922 910 2986 Iohannem
929 2921 1056 2985 fratrom
1075 2923 1107 2985 et
1125 2920 1348 3002 coepiscopum

219 3030 361 3092 nostmm
385 3029 502 3110 scripta
525 3028 692 3094 direximus
716 3048 810 3111 quam
832 3028 896 3092 filio
920 3031 1026 3093 nostro
1045 3027 1196 3092 Dioscoro
1217 3027 1349 3090 diacono

255 3219 383 3272 decerne
406 3218 432 3272 V
463 3184 558 3275 'serae
576 3218 602 3271 ο2
654 3217 885 3271 dfratemit‘atem
907 3215 967 3271 tet>
979 3217 1148 3278 dilectionem
1159 3232 1217 3271 mom
1233 3224 1304 3272 recte
1322 3239 1350 3289 ρ;

220 3305 264 3376 epo
297 3306 467 3360 dilectionem
498 3307 577 3360 emma
607 3306 715 3372 inclusi,
742 3322 799 3360 mom
829 3322 890 3373 quo·
909 3306 1073 3360 uocabulum
1103 3305 1177 3358 illud
1206 3305 1352 3360 delendum

219 3411 274 3450 ease
300 3411 446 3462 canerem
463 3394 543 3448 temno
568 3393 639 3448 Mem
662 3395 742 3448 colui
766 3394 839 3462 quod
863 3394 962 3447 rectius
987 3395 1110 3461 sortasse
1135 3393 1175 3448 ae'c
1206 3394 1352 3455 edidissem

221 3520 302 3574 etlam
325 3483 530 3618 ῗέἶὲἓῖἲὲἑὲω,
549 3519 650 3610 seilicet
672 3522 703 3571 eet
724 3518 906 3588 mgnificmem
923 3518 954 3570 im
972 3518 1121 3586 exemplari
1139 3519 1178 3573 ad
1194 3519 1351 3575 Iohannem

219 3643 300 3698 misso
313 3643 403 3711 fuisse
420 3642 626 3707 fratomitatem,
644 3643 676 3696 im
694 3642 841 3711 exemplari
859 3642 898 3695 ad
910 3642 1072 3696 Dioscorum
1090 3643 1351 3698 dato'dileotionem

221 3733 360 3786 dtantum
383 3732 414 3796 V,
433 3734 501 3786 corr.
521 3729 549 3784 ο2
619 3731 776 3785 luidemur
797 3730 829 3794 V,
852 3746 953 3785 corma
1025 3729 1160 3785 9fuerint
1183 3731 1213 3794 V,
1233 3747 1302 3788 corr.
1322 3731 1353 3784 ο2

222 3820 252 3873 11
274 3819 383 3889 aliquod
401 3820 459 3882 eddss
480 3837 539 3875 cum
558 3841 575 3873 α
630 3819 813 3888 15<die>qu0
833 3835 912 3888 supra
930 3819 1040 3887 scripsi:
1059 3819 1090 3889 ql
1110 3820 1136 3874 V
1202 3815 1204 3819 ’

256 3909 318 3963 172.
354 3908 422 3963 Dat.
440 3914 472 3962 eet
489 3924 527 3978 ep.
547 3913 607 3965 171,
651 3907 726 3962 Ede.
748 3908 811 3962 Car.
829 3906 862 3960 1²
881 3910 953 3975 509;
973 3907 1079 3962 Collect.
1102 3908 1218 3973 Coactis
1235 3908 1357 3964 BTAI

223 4000 296 4064 432,·
320 3996 398 4053 Ttiel
422 4001 494 4064 90&
515 4003 704 4052 commemorat
724 3997 794 4051 Bar.
818 3997 863 4050 ad.
889 4013 914 4051 c.
937 3998 998 4064 519,
1016 4000 1079 4051 134.
1143 3997 1176 4050 18
1196 3997 1303 4050 occiosn
1326 3997 1357 4050 V

220 4088 310 4156 puteis
333 4087 364 4151 V,
389 4088 494 4142 corma
581 4086 614 4139 21
638 4085 748 4139 caritem
770 4085 801 4150 V,
825 4101 892 4139 corr.
912 4103 930 4136 α
1034 4085 1158 4145 molestia
1181 4085 1210 4149 V,
1234 4100 1304 4142 corr.
1322 4085 1353 4136 ο2

221 4180 285 4230 sunt
302 4177 369 4230 inire
392 4177 424 4242 V,
442 4193 508 4231 corr.
527 4174 555 4228 ὀ2
