2864 4620
218 285 281 348 652
346 282 497 350 Euphemia
515 279 684 344 Hormisdae;
702 280 867 350 Epiphanius
886 278 1042 349 Opolitanus
1061 280 1217 334 Hormisdae

725 473 831 559 (194.)

260 621 388 666 nuruum
401 620 546 664 auousrn
558 619 730 664 noamsnnr
744 618 859 672 aaran.
905 600 1113 664 Beatitudinis
1128 603 1201 664 tuae
1219 601 1347 666 litteras

218 711 305 791 grato
328 707 523 788 iocundoque
547 706 744 788 suscepimus
768 706 880 770 animo.
894 725 994 787 *quem
1020 706 1133 770 etenim
1157 725 1217 771 uon
1237 708 1346 771 solum

218 814 408 895 apostolicae
437 812 519 876 sedis
548 812 718 876 auctoritas
746 812 882 876 celebrat
909 812 964 876 sed
992 812 1076 876 uitae
1106 832 1229 894 quoque
1259 832 1345 877 com-

216 919 343 984 mendat
360 919 523 1003 integritas
544 921 576 982 et
594 917 736 982 studiosa
753 922 855 982 rectae
873 917 945 981 fidei
964 917 1112 994 sollertia,
1132 918 1226 983 huius
1245 920 1346 983 uerba
1377 945 1392 984 a

173 1023 192 1083 2
217 1027 287 1108 quis
310 1044 372 1090 non
393 1025 612 1090 libentissimis
642 1025 794 1108 suscipiet
820 1024 970 1089 auribus?
996 1024 1094 1108 igitur
1119 1025 1281 1108 poscimus
1308 1046 1347 1091 ac

215 1150 388 1208 monemus,
425 1135 462 1195 ut
493 1131 685 1195 orationibus
721 1131 836 1195 uestris
868 1150 1037 1212 numquam
1070 1131 1197 1196 excedat
1227 1151 1345 1198 nomen

215 1258 321 1302 meum
336 1257 370 1302 ac
385 1238 550 1320 praecipue
570 1237 760 1302 serenissimi
780 1237 921 1321 coniugis
940 1238 1039 1301 nostri
1058 1237 1195 1302 sedtum
1214 1240 1345 1322 utrique

215 1348 356 1408 nostrum
381 1363 473 1426 quam
491 1344 536 1407 rei
554 1344 697 1425 publicae
716 1339 882 1427 supernum
902 1344 1047 1424 precibus
1066 1345 1181 1408 uestris
1198 1345 1346 1426 placetur

215 1451 415 1532 praesidium.

214 1785 372 1830 susurru!
398 1783 579 1830 aruarlorus
609 1784 771 1828 EPIPHANII
793 1784 933 1829 EPISGOPI
963 1783 1341 1830 consrnnmnorcnlrnni.

258 1908 457 1953 snucrrssmo
481 1907 523 1952 rc
546 1907 727 1953 anlurssruo
750 1908 852 1953 couno
871 1908 983 1951 aarum
1001 1908 1039 1951 au
1060 1907 1343 1955 corurursnaauoar

214 2014 386 2059 noaursunn
409 2014 596 2058 narramus
619 2015 653 2058 ru
675 2013 790 2059 uourno
814 2013 958 2058 susurru.
1003 1995 1100 2072 Deus,
1124 1995 1235 2075 quiin
1260 1997 1341 2060 alto

214 2101 362 2165 habitat
385 2103 420 2165 et
442 2100 602 2165 humilia
623 2101 783 2183 respicit
806 2103 837 2164 et
860 2100 962 2165 omnia
980 2121 1035 2183 pro
1055 2102 1156 2165 salute
1175 2101 1342 2165 hominum
1364 2130 1390 2168 ιε»

210 2207 380 2272 affluenter
409 2206 562 2290 prouidet
593 2226 648 2289 pro
681 2225 738 2270 sua
768 2206 907 2271 bonitate
935 2209 967 2270 et
992 2206 1204 2272 misericordia
1234 2227 1340 2272 meam

215 2313 351 2395 respexit
367 2313 553 2394 paruitatem
573 2315 694 2393 etpost
712 2311 831 2375 obitum
851 2316 975 2376 sanctae
993 2313 1161 2376 memoriae
1181 2314 1342 2394 quondam

215 2418 441 2502 archiepiscopi
478 2421 509 2482 et
544 2418 735 2501 patriarchae
776 2415 923 2482 lobannis
963 2420 1069 2483 sedem
1111 2418 1342 2491 sacerdotalem

215 2523 339 2590 sauctae
358 2526 508 2589 acclesiae
527 2525 698 2589 catholicae
716 2524 819 2607 regiae
837 2525 923 2588 urbis
942 2525 1019 2588 mibi
1038 2525 1174 2590 conferre
1189 2526 1340 2609 dignatus

215 2633 264 2697 est
281 2630 435 2697 sententia
458 2634 489 2694 et
507 2629 657 2695 electione
674 2629 931 2695 Christianissimi
951 2635 982 2694 et
999 2631 1168 2696 iustissimi
1186 2631 1340 2714 principis
1360 2661 1386 2699 m

213 2737 311 2802 nostri
333 2736 447 2801 Iustini
470 2739 501 2802 et
522 2737 682 2819 piissimae
704 2737 839 2820 reginae,
864 2755 942 2818 quae
966 2737 994 2801 ei
1018 2737 1056 2801 ad
1079 2756 1169 2802 omno
1193 2738 1339 2802 studium

214 2842 423 2908 communicat
445 2842 596 2921 diuinum,
625 2836 881 2925 sequentiumque
910 2862 1026 2907 eorum.
1055 2842 1114 2920 his,
1144 2843 1258 2925 quibus
1288 2847 1341 2908 est

213 2950 295 3014 bona
325 2948 519 3013 conuersatio
553 2950 585 3013 et
615 2949 669 3030 qui
700 2949 794 3033 regiis
821 2949 987 3015 honoribus
1021 2953 1094 3013 sunt
1121 2950 1335 3028 sublimiores,

214 3055 310 3118 simul
341 3057 372 3118 et
403 3047 598 3123 sacerdotum
626 3057 657 3118 et
684 3054 907 3146 monachorum
938 3058 969 3120 et
999 3054 1200 3120 fidelissimae
1231 3055 1338 3137 plebis

171 3162 190 3222 2
211 3179 383 3244 consensus
405 3159 541 3224 accessit
575 3163 761 3244 quapropter
783 3161 992 3226 necessarium
1015 3161 1088 3225 duri
1109 3161 1168 3224 hoo
1195 3160 1338 3242 primum
1360 3195 1387 3234 25

213 3266 364 3331 indicium
387 3265 465 3329 meis
488 3266 602 3330 litteris
625 3266 769 3343 inserere,
792 3269 830 3331 ut
860 3267 1022 3331 ostendam
1055 3287 1147 3349 quam
1174 3264 1256 3330 cirea
1283 3284 1340 3330 ue-

171 3377 190 3439 3
218 3375 313 3438 stram
338 3371 540 3454 apostolicam
563 3372 669 3436 sedem
693 3373 791 3438 babeo
815 3373 1020 3438 uoluntatem.
1062 3375 1112 3438 est
1132 3373 1210 3437 mihi
1234 3372 1338 3436 oratio

214 3497 410 3561 magnopere,
447 3477 636 3556 beatissime,
668 3478 750 3542 uniri
781 3498 831 3543 me
863 3479 954 3544 uobis
986 3483 1018 3543 et
1050 3478 1156 3544 diuina
1187 3479 1340 3560 amplecti

303 3634 336 3688 14
352 3633 450 3686 Psalm.
472 3631 530 3696 137,
549 3633 565 3684 6

250 3741 316 3795 194.
363 3740 430 3793 Dat.
444 3745 480 3795 act
498 3755 536 3806 ep.
556 3740 617 3792 192.
670 3740 744 3793 Eud.
766 3739 830 3794 Car.
848 3740 880 3793 1²
900 3743 970 3807 535;
991 3740 1099 3794 Collect:
1119 3726 1233 3806 Concil.;
1256 3739 1341 3794 Tbe'el

217 3831 277 3884 919.
333 3815 423 3883 2Αῶ
444 3830 469 3882 V
519 3826 733 3882 ‹icaelebratV
787 3830 970 3883 9nostrorum
993 3829 1023 3892 V,
1044 3845 1110 3882 corr.
1134 3828 1212 3882 Tbiel

248 3918 316 3973 ros.
369 3919 437 3973 Dat.
455 3925 487 3972 ut
504 3935 543 3987 ep.
562 3920 625 3971 192.
695 3918 768 3972 Eua
791 3917 853 3972 Car.
872 3917 902 3971 12
922 3922 989 3983 541,·
1006 3917 1074 3972 Bar.
1095 3917 1134 3970 ud
1152 3933 1178 3969 a.
1200 3919 1262 3980 520,
1282 3920 1341 3983 305

215 4008 321 4075 collect.
348 4006 464 4074 Ocnum
490 4007 566 4062 Tba'el
588 4009 653 4061 923.
744 4007 952 4076 12annar1ou1s
973 4025 1001 4058 a:
1025 4022 1179 4059 aruauronus
1203 4022 1287 4058 neuun
1313 4006 1342 4057 V

213 4093 245 4148 15
264 4093 389 4146 humiliat
411 4093 441 4158 V,
460 4110 561 4147 cerac
598 4129 605 4143 .
649 4095 684 4148 20
701 4095 833 4164 sententie
856 4094 887 4158 V,
905 4109 1006 4147 corae
1095 4094 1129 4146 26
1147 4096 1179 4146 ut
1197 4090 1235 4144 0²:
1261 4095 1289 4145 et
1313 4093 1341 4147 V

212 4181 245 4235 27
264 4183 333 4235 ratio
352 4181 421 4236 Bar.
439 4182 534 4236 reiecto
554 4183 638 4235 oratio
656 4183 688 4236 io
705 4183 852 4252 aruspicem
