2864 4620
205 314 269 377 884
726 309 844 364 Index

207 503 356 556 decoriatos
380 519 463 571 agnos
482 504 554 573 7542,
578 519 706 571 agnorum
726 501 772 555 de·
834 501 959 556 stationis
987 520 1050 557 suae
1075 505 1166 572 strage
1193 503 1292 559 deiecit
1316 506 1362 577 422.

243 591 403 646 coriatorum
422 589 545 644 carnibus
566 591 639 662 75322
837 620 867 630 -
898 594 942 658 (=
963 592 1091 659 depoa0):
1116 609 1175 646 eum
1203 592 1237 645 de
1263 592 1363 661 episco-

208 678 327 735 decurio:
350 679 490 748 postulant
512 678 702 732 exhibitionem
726 678 772 732 de·
834 681 913 747 patus
936 679 1035 733 honore
1059 680 1176 735 deiciens
1197 681 1262 752 1622,
1282 681 1364 734 66616-

243 767 379 820 curionum
404 767 522 822 ciuitatis
545 767 618 821 illius
637 768 703 838 2722,
727 765 772 820 (16·
835 767 902 819 siam
921 766 954 820 de
969 784 1022 836 qua
1035 767 1155 822 deiectus
1169 773 1211 822 est
1224 771 1291 840 5522,
1307 769 1364 833 (im-

241 855 332 924 posita
350 854 530 923 postulatione
549 871 579 908 ex
598 854 711 908 diuersis
729 871 772 908 ur·
830 855 932 922 pietas)
952 856 1060 910 minime
1079 856 1194 911 deicitur
1216 857 1367 911 sacerdotio

243 943 323 997 bibus
342 941 514 997 decurionum
533 960 564 997 ac
581 943 687 1014 plebeia
704 943 773 996 mul·
835 944 901 1014 4122,
925 947 956 997 ut
983 944 1059 1013 quasi
1084 943 1203 999 deiectus
1230 944 1368 999 uideretur

243 1031 333 1085 titudo
362 1031 498 1101 colligitur
520 1033 587 1104 2722.
609 1061 643 1070 -
667 1031 773 1085 decurio
838 1031 902 1103 1622,
924 1030 1002 1086 nolas
1028 1035 1140 1102 putatur
1165 1037 1209 1087 tot
1231 1036 1367 1104 praeuari-

242 1119 339 1191 palatii
358 1120 415 1192 6622
434 1120 508 1191 23522
836 1122 938 1173 6616666
975 1119 1079 1174 deicere
1110 1123 1178 1193 2522,
1207 1123 1369 1192 quicumque

208 1207 773 1279 deessenon(deessinon):Hesdraspenta·
837 1204 935 1261 deiecti
953 1213 1016 1262 sunt
1029 1209 1083 1281 582,
1102 1213 1133 1263 ut
1150 1211 1236 1264 etiamv
1247 1207 1368 1264 deiectus

243 1296 370 1350 teuchum
384 1295 483 1350 detulit
506 1297 545 1351 eis
567 1298 665 1353 ueteris
690 1300 774 1351 testa·
836 1294 1055 1369 1666116115922,
1080 1296 1198 1353 'deicitur
1221 1299 1370 1352 Flauianus

244 1385 329 1438 menti
340 1384 424 1439 libros
437 1385 549 1454 scriptos
561 1383 706 1440 secundum
721 1385 774 1438 lor·
835 1384 913 1456 44222
931 1390 957 1438 et
973 1386 1078 1440 nmilia

244 1489 314 1526 mam
329 1489 408 1542 quam
418 1471 493 1527 dedit
507 1473 629 1527 dominus
643 1474 671 1527 in
684 1476 775 1527 monte
803 1470 918 1525 deiectio
927 1495 960 1520 =
971 1473 1102 1542 depositio
1116 1474 1292 1544 (Abseteunp)
1305 1474 1369 1547 4812

245 1561 317 1625 Sina,
332 1578 410 1630 quam
420 1562 531 1616 formam
546 1562 662 1617 Hebraei
676 1560 774 1617 (166661-
804 1558 865 1613 dein
883 1563 945 1630 post
963 1563 1037 1635 76022

244 1666 297 1703 666
316 1654 415 1704 uocant
429 1652 516 1723 77026
537 1650 698 1705 Samaritani
711 1667 775 1705 uero
804 1648 967 1718 deipassisni
994 1656 1023 1706 et
1047 1668 1102 1705 non
1124 1651 1273 1707 Christiani
1296 1653 1389 1724 19622,

245 1740 354 1791 seruant
381 1738 529 1793 deessenon
556 1740 632 1812 7712;
658 1739 776 1793 Hesdras
804 1734 891 1790 deitas
910 1738 971 1809 1762
992 1737 1066 1810 18422

245 1824 399 1880 immutauit
415 1826 555 1896 pristinam
570 1826 682 1881 formam
695 1827 776 1881 relin·
804 1823 1002 1879 delectabiliter
1021 1828 1094 1899 16422

246 1931 329 1983 quens
348 1914 495 1968 (1666666666Ι
513 1916 587 1987 77122
804 1911 922 1966 delecto:
950 1913 1101 1982 aliquantos
1128 1915 1237 1991 placata
1259 1915 1403 1970 miscere

211 2002 375 2072 deexsequor
393 2004 467 2075 47122
839 1997 958 2054 delectat
975 2001 1033 2073 5022

211 2090 346 2144 defensor:
373 2092 520 2146 catholicae
542 2091 605 2147 fidei
624 2092 782 2147 defensores·
804 2086 952 2157 delegatio:
973 2089 1092 2143 ordinem
1111 2090 1291 2161 delegationis
1305 2091 1334 2160 (s'.
1348 2107 1385 2144 e.

246 2180 303 2251 2122
327 2180 382 2250 222,
411 2182 484 2234 cuius
507 2181 605 2250 (pestis
627 2182 775 2249 1666666666)
840 2175 992 2246 bealmeis)
1011 2178 1110 2232 exerite
1128 2179 1203 2250 51922

246 2267 359 2321 Acacius
379 2267 504 2323 defensor
521 2274 563 2324 est
583 2271 652 2343 1582,
671 2300 705 2310 -
731 2270 777 2324 de.
805 2262 948 2318 delicatus:
968 2281 998 2318 eo
1018 2266 1089 2333 quod
1107 2268 1180 2320 esset
1198 2282 1309 2336 corpore
1325 2265 1371 2319 de-

247 2355 337 2410 fensor
363 2357 483 2411 ciuitatis
506 2358 669 2428 Aquensium
695 2360 776 2432 10422,
838 2351 946 2406 licatior
970 2354 1023 2425 132,
1052 2354 1132 2407 otiosi
1155 2357 1183 2408 et
1205 2354 1315 2408 delicati
1339 2354 1366 2406 in

240 2474 281 2484 —
301 2443 425 2498 defensor
447 2446 575 2500 ecclcsiae
602 2447 776 2520 1582215922,
840 2439 973 2496 cubilibus
1000 2458 1030 2495 ac
1056 2442 1163 2496 lectulis
1190 2443 1248 2496 suis
1271 2443 1363 2496 litteris

247 2535 353 2586 uestrae
381 2534 508 2588 ecclesiae
533 2534 617 2606 64822,
643 2536 778 2590 Romanae
840 2527 987 2582 abutuntur
1006 2530 1075 2602 10722

249 2621 377 2675 ecclcsiae
395 2623 478 2694 62422,
498 2623 625 2677 ecclesiae
642 2624 778 2678 Romanae
805 2613 896 2670 deluo:
914 2617 1103 2687 praecedentia
1121 2618 1199 2672 delae
1217 2636 1266 2687 per
1280 2618 1361 2672 fotura

249 2712 322 2781 oea²¹
348 2696 440 2783 66122,
460 2709 583 2764 defensor
609 2713 671 2782 (om.
695 2714 777 2768 scere·
839 2706 915 2778 546¹⁶

249 2799 314 2867 siaa)
343 2800 406 2868 6402
429 2799 512 2870 64822,
541 2801 704 2868 (Damasus)
730 2818 780 2871 per
806 2794 921 2848 delusio:
944 2795 973 2848 in
996 2811 1086 2848 eorum
1110 2812 1138 2849 se
1158 2795 1305 2849 dominium
1322 2794 1359 2847 de-

249 2904 311 2940 6666
332 2886 488 2941 defensores
510 2887 684 2957 interpellans
708 2888 777 2942 iudi·
839 2882 1023 2952 lusionemque
1040 2884 1212 2938 tradiderunt
1233 2886 1285 2956 1922

250 2992 306 3029 cem
324 2976 437 3030 Bassum
456 2977 513 3049 3022
806 2969 908 3038 denego
927 2971 983 3042 2422
1002 2976 1049 3028 etc.

215 3062 320 3118 defero:
339 3063 456 3118 officium
476 3064 547 3133 quod
566 3063 600 3118 ad
613 3065 780 3135 inspicienda
806 3059 920 3128 denique
943 3084 976 3106 =
999 3077 1077 3114 nam:
1106 3062 1145 3133 722
1173 3062 1212 3133 922
1243 3062 1296 3132 1222
1324 3061 1360 3130 132

250 3153 374 3206 66166666
393 3152 515 3206 detulisti
533 3154 589 3224 472,
612 3170 663 3222 quo
682 3155 777 3224 procli·
843 3149 898 3220 1722
909 3149 966 3220 2422
976 3139 1089 3221 2622722
1102 3187 1124 3221 22
1135 3151 1180 3222 292
1191 3151 1248 3222 3722
1263 3147 1363 3220 4122161

251 3241 311 3294 uicr
341 3242 451 3294 statutis
484 3227 617 3295 exsecutio
645 3242 780 3296 deteratur
841 3253 930 3292 omnes
940 3238 993 3291 loci
1001 3243 1065 3291 ssent
1074 3239 1226 3308 Faustina),
1236 3239 1361 3310 36127732

251 3329 305 3400 532.
320 3357 354 3367 -
373 3345 432 3382 cum
452 3332 480 3383 et
495 3329 545 3382 hoc
560 3329 693 3384 deleratur
705 3347 780 3384 reue·
807 3327 917 3381 denoto:
943 3326 1066 3380 haereses
1088 3325 1149 3380 ideo
1167 3327 1304 3381 hominum
1322 3344 1361 3396 ap-

252 3417 353 3470 re'utiae
376 3417 536 3485 synodorum
561 3421 591 3470 ut
609 3448 620 3459 ·
643 3420 726 3491 31622.
746 3450 779 3458 -
841 3415 1033 3485 pellationibus
1047 3414 1190 3469 denotatae
1203 3419 1268 3470 sunt
1281 3416 1361 3486 quia-

252 3506 374 3559 obsolute
391 3505 436 3575 (=
454 3506 581 3560 honorem
600 3506 717 3575 deferolr
734 3508 781 3562 sed
843 3504 896 3574 312,
916 3503 1062 3557 doctrinam
1082 3503 1131 3557 sub
1149 3503 1250 3558 Christi
1263 3505 1363 3559 nonrine

253 3594 378 3648 neelahu
393 3593 492 3648 detulit
505 3595 601 3663 impiae
615 3595 781 3649 multitudini
843 3595 1022 3646 consecratam
1053 3592 1177 3646 humanis
1211 3594 1363 3664 appellatio·

252 3682 419 3736 sacerdotum
438 3684 483 3754 262
841 3680 920 3763 nibus
939 3681 1065 3734 denotare
1079 3682 1144 3753 3222,
1165 3680 1295 3736 denotent
1307 3679 1364 3751 qnid

218 3771 324 3825 deficio:
350 3771 395 3825 hic
419 3770 576 3835 deiecerunt·
592 3773 620 3839 (ι’.
640 3789 660 3827 e.
679 3789 780 3828 succes-
841 3767 903 3820 illic¹
916 3768 1076 3821 contrarium
1092 3769 1231 3837 scripturis
1246 3768 1310 3838 quid
1323 3785 1366 3822 no·

252 3877 311 3914 sam
329 3877 386 3914 aon
404 3860 568 3931 babuerunt)
587 3862 647 3932 6782
842 3872 904 3909 uum
924 3857 1001 3925 quasi
1019 3856 1169 3910 haereticus
1187 3858 1298 3927 scripsit
1315 3859 1364 3927 3122

218 3948 386 4002 definitiuum
405 3949 535 4002 sustinere
548 3965 702 4018 responsum
717 3950 780 4021 2362
808 3943 942 3998 deorsum:
962 3961 1063 3998 sursum
1078 3947 1158 4015 atque
1171 3945 1295 4000 deorsum
1310 3947 1366 4016 2042

218 4037 394 4108 (1616663542
413 4037 485 4108 4302,
509 4037 781 4107 primum...dehinc
809 4032 942 4103 dependo:
967 4050 1015 4103 pro
1038 4032 1239 4104 dispensatione
1259 4050 1367 4104 curaque

254 4125 328 4196 62522
844 4139 923 4192 quam
949 4139 997 4192 pro
1025 4122 1077 4176 fide
1105 4123 1239 4178 catholica
1271 4139 1369 4194 semper

218 4213 304 4267 deicio
323 4212 367 4282 (=
386 4210 567 4284 acceperim:
586 4214 713 4283 plurimos
734 4231 781 4268 ua·
844 4212 971 4283 dependit
986 4211 1051 4286 4792
