2894 4634
165 313 229 378 686
462 308 606 378 suggestio
623 309 746 362 Dioscori
764 307 798 362 ad
814 306 983 362 Hormisdam

166 508 251 568 extra
262 504 325 567 ista
339 501 425 565 aliud
437 496 629 584 praedicans,
644 501 763 566 nullam
777 501 860 566 circa
874 521 924 565 me
938 505 1011 582 peto
1020 501 1287 566 misericordiam'.

167 609 302 693 Scythae
335 628 351 672 e
383 611 491 672 eontra
521 608 749 672 inchoauerunt
779 607 881 671 dicere
913 606 1055 672 ‘addatur
1082 611 1113 672 et
1140 626 1221 671 unus
1250 607 1286 670 de

164 715 334 780 trinitate?
359 733 417 778 nos
446 733 462 778 e
490 716 597 779 contra
624 712 758 777 diximus
786 713 879 796 ‘quod
906 733 967 802 nou
996 717 1045 778 est
1076 713 1107 777 in
1140 716 1288 796 quattuor

166 820 306 885 conciliis
334 819 496 884 definitum
524 838 580 884 uec
606 820 639 883 in
667 819 810 900 epistolis
838 819 922 884 beati
948 838 1046 901 papae
1072 807 1197 896 Leonis,
1229 838 1287 883 nos

121 927 221 991 5nec
259 925 361 990 dicere
397 925 566 1008 possumus
602 943 658 989 nec
695 924 827 990 addere’.
865 924 1029 1005 displicuit
1063 924 1124 988 hoo
1156 923 1286 987 dictum.
1317 950 1331 986 s

163 1031 273 1097 Uictor
298 1034 403 1096 temen
430 1035 536 1096 utrum
564 1030 676 1095 sinceri
704 1031 805 1096 auimo
833 1032 910 1095 haec
942 1031 1060 1096 diceret
1091 1049 1129 1094 an
1148 1029 1284 1106 doloso,

164 1139 235 1219 quis
262 1156 355 1202 nosse
382 1139 496 1221 potest,
523 1135 585 1201 uisi
612 1136 666 1219 qui
694 1136 787 1201 corda
814 1137 998 1221 cognoscit?
1025 1136 1122 1200 uerba
1143 1136 1207 1200 ista
1229 1153 1286 1199 uos

121 1243 362 1308 daudiuimus:
400 1242 450 1306 dei
487 1245 535 1308 est
572 1243 710 1307 animum
750 1242 898 1307 iudicare.
938 1244 1048 1324 postea
1089 1242 1155 1306 sine
1195 1241 1288 1306 nobis

163 1349 347 1434 magnificus
388 1348 438 1412 uir
476 1347 654 1413 Uitalianus
695 1348 847 1432 magister
885 1347 1023 1412 militum
1063 1348 1144 1412 inter
1184 1365 1218 1410 se
1257 1349 1290 1409 et

164 1456 347 1538 episcopum
375 1453 760 1536 Constantinopolitanum
781 1458 976 1518 uocauerunt
997 1454 1192 1536 praedictum
1214 1452 1331 1523 Uia-10

163 1564 279 1636 torem3
297 1560 396 1624 locuti
415 1564 489 1624 sunt
507 1577 579 1623 curn
598 1578 651 1624 eo:
671 1550 746 1641 quid
765 1559 950 1624 definierunt
962 1560 1044 1624 inter
1058 1579 1101 1638 se,
1116 1559 1288 1624 nescimus.

122 1669 275 1746 apostee
305 1684 361 1730 nec
392 1664 503 1730 Uictor
535 1664 573 1728 ad
604 1682 662 1729 nos
693 1665 781 1729 uenit
812 1684 868 1729 nec
901 1668 950 1730 est
981 1684 1077 1730 causa
1107 1665 1200 1729 dicta.
1232 1663 1290 1728 isti

163 1774 267 1836 tamen
292 1770 425 1855 Scythae
450 1771 530 1835 sciat
550 1770 713 1835 beatitudo
737 1773 844 1835 uestra
866 1774 939 1854 quia
962 1790 1069 1836 omnes
1097 1770 1288 1852 accipientes

164 1877 317 1960 synodum
351 1876 614 1943 Calcedcnenscm
650 1876 854 1943 Neston'anos
892 1877 1000 1942 dicunt
1038 1877 1178 1942 dicentes
1215 1877 1287 1939 ‘non

164 1981 280 2048 sufficit
311 1983 448 2067 synodus
481 1986 587 2048 contra
619 1982 811 2048 Nestorium'
843 1986 874 2047 ct
905 1984 951 2047 sic
984 1983 1094 2048 debere
1130 1981 1286 2065 synodum
1306 2010 1331 2050 ιε

164 2088 331 2171 suscipere,
356 2089 509 2171 quomodo
533 2089 594 2171 ipsi
618 2089 824 2172 exposuerint.
847 2089 901 2171 qui
923 2089 1065 2153 homines
1085 2083 1192 2169 quales
1212 2089 1289 2153 suut

164 2197 219 2259 aut
242 2194 350 2276 quales
372 2194 562 2261 intentiones
585 2194 702 2260 habeut
724 2198 756 2259 et
778 2195 853 2277 quid
871 2195 984 2260 uolunt
1001 2195 1032 2258 in
1050 2194 1111 2258 fide
1131 2194 1288 2258 catholica

162 2300 369 2379 introducere,
407 2319 479 2364 cum
515 2299 565 2364 dci
601 2301 754 2389 adiutorio
790 2301 1023 2365 manifestatum
1060 2303 1108 2364 est
1140 2299 1286 2364 omnibus

163 2405 327 2470 catholicis
356 2424 413 2470 uec
439 2405 560 2488 indiget
584 2424 678 2470 causa
700 2426 770 2471 mco
793 2407 908 2484 labore,
932 2425 1025 2489 quam
1047 2406 1125 2471 deus
1148 2424 1203 2488 pro
1227 2425 1287 2469 sua

118 2515 138 2578 8
161 2510 374 2581 misericordia
399 2509 545 2592 produxit
572 2510 612 2574 ad
633 2512 747 2576 lucem.
771 2531 840 2596 ego,
865 2514 949 2594 quod
972 2532 990 2576 a
1011 2512 1153 2596 patribus
1177 2511 1284 2590 didici,
1299 2534 1326 2570 eo

160 2616 243 2696 quod
279 2635 403 2698 semper
438 2615 571 2681 ccclesia
607 2618 760 2683 catholica
797 2619 945 2694 seruauit,
982 2637 1044 2682 nou
1085 2618 1180 2696 tacui,
1222 2637 1285 2681 non

161 2722 316 2787 abscondi.
349 2741 431 2802 unus
464 2725 512 2786 est
543 2722 631 2801 deus,
664 2722 702 2787 de
734 2742 794 2805 quo
827 2711 955 2807 Moyses
986 2725 1128 2806 loquitur
1159 2723 1284 2789 dicens:

162 2826 270 2904 audi,
294 2827 439 2905 Israel,
464 2827 647 2900 dominus
671 2828 763 2893 deus
787 2831 881 2894 tuus
905 2828 999 2894 deus
1023 2848 1126 2893 unus
1151 2832 1229 2908 est,
1253 2831 1287 2893 et

160 2930 190 2995 in
225 2929 285 2994 alio
317 2931 388 2996 loco
421 2931 481 2996 ait:
514 2931 695 2998 dominus
728 2933 840 2996 solus
873 2933 1043 2998 ducebat
1075 2951 1152 2999 eos.
1189 2934 1286 2998 unius

162 3034 353 3099 substantiae
377 3036 545 3114 credimus
574 3036 763 3120 trinitatem,
805 3038 961 3119 quomodo
1001 3037 1148 3122 praedixi,
1190 3057 1286 3102 uuam
1306 3061 1331 3102 ae

162 3139 319 3216 deitatem,
334 3142 398 3204 tres
412 3159 570 3223 personas,
586 3141 660 3224 quia
672 3157 730 3206 nec
748 3142 854 3225 plures
873 3143 948 3207 deos
968 3143 1102 3209 dicimus
1121 3144 1287 3210 credentes

161 3263 258 3310 unum
276 3243 368 3308 deum
387 3265 466 3324 esse,
484 3246 518 3310 id
536 3250 585 3312 est
603 3250 725 3328 patrem
744 3247 894 3312 etlilium
912 3251 944 3312 et
962 3249 1108 3331 spiritum
1127 3253 1286 3326 sanctum,

161 3369 221 3439 nec·
235 3352 299 3414 tres
317 3369 466 3432 personas
484 3371 645 3435 negamus,
665 3372 704 3416 ne
723 3344 850 3420 Sabellii
869 3353 984 3438 dogma
1002 3354 1166 3420 uideamur
1183 3357 1287 3436 sequi.

119 3465 138 3528 9
161 3474 271 3520 uerum
299 3458 347 3519 est
373 3474 536 3536 personam
563 3456 630 3535 filii,
659 3457 691 3520 id
718 3460 768 3521 est
789 3458 877 3521 uerbi
900 3458 961 3536 dei,
985 3460 1289 3525 consubstantialem

161 3560 264 3645 patri:¹
290 3560 359 3641 ipsa
391 3579 462 3625 caro
494 3559 576 3625 facta
611 3564 668 3640 est,
700 3562 769 3645 ipsa
799 3563 831 3627 in
858 3567 946 3630 utero
973 3564 1090 3629 Mariae
1117 3565 1289 3644 habitauit,
1309 3593 1331 3634 a

250 3835 284 3890 23
302 3835 447 3890 Deuteron.
466 3837 491 3901 6,
508 3839 526 3891 4
578 3838 613 3891 24
630 3836 695 3892 ibid.
715 3838 757 3901 32,
777 3839 810 3892 12

191 4013 215 4070 ,2
233 4013 305 4080 scyte
327 4008 354 4062 V
415 4010 551 4064 deincero
570 4009 598 4062 o²
661 4012 840 4079 lcognosoet
862 4012 892 4077 V,
912 4029 1012 4084 cocao
1080 4015 1109 4067 ll
1132 4015 1294 4072 definierint

167 4101 230 4158 Gor.
297 4097 329 4151 12
347 4097 402 4150 isto
422 4096 455 4159 V,
473 4113 539 4152 corr.
558 4097 586 4149 o²
655 4099 689 4153 24
707 4097 822 4152 docebat
843 4099 874 4164 V,
893 4116 961 4154 corr.
983 4101 1062 4156 Teia
1155 4094 1191 4158 28'
1208 4105 1292 4161 uide·

165 4205 238 4257 amus
261 4185 291 4251 V,
310 4193 378 4239 corr.
398 4185 452 4238 cod
472 4185 591 4255 Angelis.
