2864 4620
211 247 274 311 536
351 243 493 297 Hormisda
510 242 621 295 Iohanni
639 241 839 310 Nicopolitano;
857 239 1014 294 Anastasius
1032 239 1189 295 Hormisdas

209 440 278 502 rent
307 437 390 502 uiam
421 437 570 512 iustitiae,
599 453 691 516 quam
719 436 941 517 cognoscentes
973 437 1141 498 retrorsum
1167 432 1286 498 reflecti
1318 453 1339 498 a

210 542 323 607 madito
357 541 417 606 sibi
448 546 556 605 sancto
587 539 743 605 mandato.
770 539 810 626 ¹in
843 544 947 621 aperto
980 543 1038 617 est,
1070 559 1131 623 qua
1160 540 1338 621 pertinacia

209 648 341 712 traditae
372 647 445 712 fidei
476 647 589 712 debeat
616 646 790 711 constantia
817 645 977 722 custodiri,
1006 645 1034 710 si
1060 645 1254 710 tolerabilius
1283 651 1337 712 est

209 755 241 818 in
265 773 364 819 errore
386 755 552 837 persistero
578 773 671 836 quam
694 753 995 835 coinquinationibus
1016 771 1135 828 rursus,
1159 772 1236 835 quas
1260 753 1335 836 quis

209 861 335 944 fugerit,
362 860 525 943 implicari.
583 859 665 924 Data
690 860 788 942 pridie
810 859 887 923 Idus
908 858 1006 942 April.
1029 858 1164 943 Agapito
1192 877 1277 924 cons.
1367 882 1383 924 a

716 1051 821 1135 (124.)

254 1193 406 1239 normann
441 1194 572 1240 rounam
607 1194 753 1239 uersooro
789 1194 1024 1240 mcoroumauo.
1069 1194 1128 1238 eun
1162 1195 1334 1240 eouuronsra

210 1299 433 1346 sunumoonur.
500 1282 668 1346 Remeante
691 1280 834 1345 Pullione
861 1280 1050 1344 subdiacono
1076 1283 1182 1344 nostro
1208 1281 1333 1344 litteras

211 1386 348 1452 caritatis
376 1388 499 1449 uestrae
527 1386 723 1468 suscepimus
747 1386 784 1450 de
807 1386 983 1450 constantia
1004 1384 1077 1449 fidei
1099 1384 1150 1450 uel
1173 1385 1210 1450 de
1232 1385 1333 1451 inten-

210 1493 304 1564 tione,
337 1511 429 1574 quam
466 1492 547 1555 circa
582 1490 828 1556 communionem
865 1489 948 1554 sedis
984 1490 1173 1573 apostolicae
1209 1490 1330 1573 geritis,
1353 1516 1379 1556 so

210 1598 419 1681 gratulantem
444 1597 498 1661 sed
522 1597 697 1661 contristati
720 1615 840 1674 sumus,
860 1596 943 1678 quod
961 1615 1018 1661 uos
1037 1597 1156 1678 aliquas
1175 1595 1331 1661 sustinere

210 1703 371 1766 molestias
389 1700 570 1784 perhibetis.
593 1702 656 1766 ista
672 1704 775 1766 tamen
795 1703 971 1766 diuturnam
989 1720 1049 1766 uon
1067 1704 1200 1785 possunt
1217 1701 1331 1767 habere

211 1808 429 1885 substantiam,
463 1809 536 1890 quia
567 1807 622 1872 ubi
653 1808 730 1872 deus
762 1827 839 1891 pure
867 1808 988 1883 colitur,
1016 1808 1076 1873 etsi
1103 1807 1232 1872 aduersa
1259 1827 1331 1874 cou-

210 1914 347 1997 tigerint,
376 1914 406 1977 in
438 1914 594 1997 prosperis
626 1918 858 1979 commutantur
884 1913 1053 1979 secuudum
1081 1915 1257 1996 apostolum
1285 1914 1330 1979 di-

167 2019 187 2081 2
211 2023 347 2084 centem:
371 2039 385 2084 s
393 2039 460 2102 pes
485 2037 558 2084 non
582 2019 745 2102 decipit.
783 2020 928 2085 dubitans
952 2020 1163 2101 apostolorum
1185 2020 1377 2103 princepsa

209 2124 353 2194 incedens
375 2143 431 2207 per
452 2125 584 2209 pelagus
606 2125 778 2202 laborauit;
805 2145 876 2191 mox
902 2130 1006 2190 tamen
1033 2126 1177 2191 inuocato
1204 2124 1329 2191 domiuo

210 2250 266 2296 suo
294 2234 435 2313 paratum
464 2231 585 2308 habuit,
612 2232 666 2314 qui
694 2251 764 2296 eum
792 2236 932 2314 porrecta
958 2251 1051 2296 manu
1081 2250 1142 2297 non
1172 2236 1331 2314 pateretur

210 2337 362 2401 sustinere
373 2337 547 2403 discrimen.
562 2357 635 2421 ergo
650 2341 811 2403 auctorum
824 2342 1000 2403 nostrorum
1014 2342 1177 2419 sequentes
1192 2337 1330 2419 exempla

211 2445 243 2507 et
264 2443 295 2506 in
319 2443 458 2524 ipsorum
481 2443 541 2507 fide
563 2447 779 2524 permanentes
805 2443 892 2508 illius
918 2462 1084 2526 poscamus
1107 2443 1265 2520 auxilium,
1290 2442 1329 2506 de

211 2568 272 2630 quo
292 2548 443 2629 scriptum
463 2551 527 2613 est:
547 2549 612 2630 qui
631 2568 702 2613 uon
721 2568 790 2614 nos
811 2549 983 2615 dimittit
1002 2549 1190 2632 temptari
1209 2567 1329 2630 super
1345 2577 1374 2616 so

165 2654 309 2734 3qu0d
341 2672 562 2734 possumus.
629 2655 726 2738 igitur
757 2655 927 2720 salutantes
960 2655 1119 2720 caritatem
1146 2657 1231 2718 tuam
1258 2654 1329 2718 hor-

207 2761 318 2836 tamur,
347 2762 383 2823 ut
408 2759 669 2841 quemadmodum
695 2760 913 2843 praediximus,
940 2762 971 2824 in
998 2760 1058 2840 his,
1082 2779 1159 2842 quas
1181 2760 1264 2825 bene·
1282 2759 1330 2823 in-

296 3016 328 3069 15
346 3014 421 3072 Rom.
440 3016 465 3080 5,
483 3017 500 3071 5
554 3017 586 3072 15
605 3034 661 3088 sqq.
681 3018 714 3073 al.
733 3018 831 3074 Matth.
851 3020 892 3083 14,
911 3018 1014 3073 28-31
1064 3019 1098 3073 20
1118 3017 1177 3074 (lor.
1196 3018 1211 3072 I
1230 3019 1270 3084 10,
1292 3019 1325 3090 13

244 3155 427 3208 lretronsum
455 3154 486 3220 V,
509 3172 576 3210 corr.
595 3176 613 3209 α
699 3158 915 3213 3tollerabilius
937 3159 964 3212 V
1047 3160 1163 3229 dquam
1181 3178 1208 3212 o:
1228 3174 1280 3227 qua
1302 3157 1330 3210 V

207 3245 223 3297 5
247 3243 369 3312 aprilium
395 3242 422 3296 V
448 3310 450 3312 v
518 3251 583 3313 post
605 3247 711 3300 consule
732 3248 763 3300 in
784 3249 847 3316 ipsa
869 3248 943 3302 tinea
965 3248 991 3301 V
1008 3247 1087 3301 addit
1109 3263 1156 3316 per
1177 3246 1328 3301 Pullionem

206 3331 404 3410 subdiaconum,
426 3332 459 3386 id
479 3333 552 3402 qnod
577 3349 622 3404 epo
643 3341 708 3403 post
735 3336 842 3390 titutum
869 3336 1001 3404 epistulae
1022 3335 1155 3404 sequentis
1181 3334 1268 3401 reieci,
1290 3335 1325 3402 cf.

205 3418 333 3488 Beitrdpe
350 3422 384 3472 13
401 3435 438 3487 sq.

242 3505 307 3559 124.
376 3505 444 3561 Dat.
464 3524 489 3562 a.
511 3511 563 3561 517
582 3507 625 3562 die
644 3511 662 3561 3
678 3508 765 3562 Mart.
783 3524 832 3577 per
848 3508 1016 3574 Pnlla'onem,·
1035 3508 1177 3577 respondet
1195 3509 1328 3577 epistulae

205 3592 341 3646 lobannis
363 3593 517 3662 deperditae
532 3612 584 3664 pen
606 3594 716 3650 eandem
733 3596 887 3650 Pullionem
908 3597 988 3651 initio
1011 3598 1128 3651 eiusdem
1147 3597 1216 3650 anni
1235 3597 1325 3651 datae.

204 3681 278 3735 Edu.
300 3681 361 3735 Car.
380 3681 412 3735 1²
431 3684 501 3748 469,·
519 3683 587 3738 Bar.
610 3682 648 3737 ad
665 3701 692 3738 a.
713 3687 774 3747 516,
796 3687 846 3750 66;
866 3684 973 3738 Oolleat.
991 3684 1107 3751 Concil.,·
1124 3686 1205 3739 BTA
1223 3686 1244 3739 1
1260 3687 1328 3757 391,-

209 3769 286 3822 Tbiel
306 3771 369 3822 786.
424 3770 439 3823 7
457 3787 505 3840 per
521 3770 671 3824 Pollionem
689 3771 880 3837 subdiaconum
897 3773 949 3826 bae
965 3771 1045 3828 reieci
1062 3791 1080 3827 a
1098 3774 1124 3827 V
1133 3791 1278 3844 perperam
1295 3775 1327 3829 in

205 3856 259 3922 fine
271 3858 457 3933 praecedentis
475 3859 608 3927 epistulae
626 3859 750 3913 additam
816 3862 832 3913 9
852 3861 977 3914 caritates
1000 3861 1031 3923 V,
1050 3877 1117 3916 corr.
1137 3881 1150 3914 o
1218 3865 1251 3918 12
1268 3880 1325 3917 mo-

206 3943 283 3997 lestia
305 3944 335 4008 V,
354 3960 455 3999 aaran
528 3947 652 4000 diuturna
674 3947 700 3999 V
714 3965 788 4002 man.
805 3964 856 4005 rea.
949 3951 980 4004 13
998 3949 1151 4004 substancia
1174 3951 1205 4016 V,
1223 3967 1325 4007 corno

209 4031 241 4083 14
257 4049 382 4101 prospera
399 4033 468 4087 Bar.
537 4036 569 4089 16
587 4035 709 4105 pellagus
733 4036 759 4089 V
817 4038 852 4091 20
870 4053 917 4090 nos
936 4054 989 4091 non
1007 4043 1071 4108 trsp.
1095 4039 1158 4093 Car.
1221 4041 1254 4094 22
1274 4057 1326 4110 que

207 4118 356 4172 ammodum
378 4119 408 4184 V,
428 4137 528 4176 corno
