2864 4620
526 281 611 353 Epist.
631 280 715 336 cmv
735 282 811 337 1-a.
1022 279 1024 283 ’
1121 303 1123 307 ⁷
1170 288 1234 352 509

106 496 246 540 omnem
270 477 541 556 excellentiam,
556 477 588 540 in
604 495 712 542 eorum
726 479 870 542 sensibus
885 478 1067 557 abundaret,
1087 478 1232 562 quodque

103 581 134 645 in
158 583 320 666 euangelio
344 582 462 649 domini
489 583 531 648 sit
548 603 609 649 nox
626 583 690 648 ista
707 583 857 650 dicentis:
882 575 1055 666 quoniam
1077 585 1234 668 pacifici

102 688 179 752 filii
194 688 252 752 dei
266 689 511 755 uocabuntur.
527 691 558 754 et
571 690 734 755 iterumad
745 689 849 773 ipsum
860 690 1083 774 scripturarum
1095 691 1233 756 omnium
1257 687 1278 750 4
1294 722 1296 726 ι

101 793 286 869 reuertendo
318 793 488 872 doctorem,
517 798 631 876 quanto
662 795 732 878 ipsa
758 795 811 860 uel
837 794 910 873 fide,
939 815 1000 877 qna
1028 798 1060 860 et
1087 796 1234 861 caelestia

74 918 197 982 sregna
214 900 443 983 praesumimus
467 903 499 966 et
522 919 539 964 a
561 903 760 984 peccatorum
783 901 973 966 cruciatibus
998 901 1149 967 credendo
1174 903 1233 966 sal-

102 1023 223 1081 uamnr,
247 1005 359 1070 caritas
383 1005 426 1069 sit
447 1007 555 1085 maior,
580 1005 718 1071 ostendit
740 1007 956 1071 testimoninm
974 1000 1038 1072 tale
1057 1007 1232 1072 subiciens:

104 1129 187 1192 spes
211 1111 308 1176 fides
333 1111 482 1191 caritas,
502 1112 763 1177 maiorantem
787 1112 950 1178 omniurn
974 1113 1124 1180 caritas.
1147 1113 1231 1177 idem

103 1217 232 1298 spiritns
260 1219 361 1302 gratia
388 1219 521 1283 donante
549 1218 657 1289 diuina
692 1218 854 1306 caritatem
881 1218 1052 1283 uirtutibus
1085 1218 1231 1283 omnibus

103 1325 303 1388 euacuatnon
313 1324 473 1399 babentes.
520 1344 592 1408 ergo
604 1324 631 1388 si
646 1328 679 1388 et
691 1326 817 1406 propter
827 1342 963 1406 ‘poenam
978 1322 1124 1389 scandala
1138 1323 1232 1388 decli·
1256 1307 1277 1378 5

59 1449 84 1489 11
102 1447 212 1493 namus
224 1430 372 1510 etpacem
383 1431 508 1512 propter
522 1428 608 1511 pacis
623 1429 703 1510 hona
718 1431 875 1492 sectamur
887 1431 919 1492 et
933 1427 972 1492 ad
986 1429 1149 1492 caritatem
1163 1448 1230 1506 nos,

32 1619 33 1622 Ἴ
104 1534 157 1616 111
180 1536 229 1598 ost
251 1534 374 1613 caritas,
395 1533 539 1600 Christus
563 1535 721 1600 hortatur:
746 1533 821 1617 qnid
840 1537 890 1598 est
904 1532 997 1611 enim,
1018 1533 1101 1616 quod
1118 1534 1233 1599 retinet

100 1639 257 1705 catholico
282 1638 391 1706 ardore
418 1640 573 1705 festinos?
606 1640 681 1723 quid
705 1645 764 1718 est,
788 1639 868 1722 quod
894 1639 1103 1722 delinquentis
1125 1639 1233 1704 Aeacii

102 1745 235 1829 impedit
256 1747 399 1811 uolentes
424 1746 583 1819 Christum
606 1746 714 1824 uidere
741 1749 896 1830 persona?
928 1744 1085 1828 quidest,
1109 1745 1234 1829 quoda

103 1870 160 1916 suo
193 1852 283 1916 liberi
315 1853 415 1918 alieno
448 1856 618 1936 grauantur
646 1855 770 1917 errore?
837 1852 914 1917 haee
942 1871 1014 1916 curn
1047 1843 1278 1917 uenerabilisss

60 1979 84 2016 n
102 1977 200 2040 papae
231 1957 328 2023 latius
360 1959 478 2024 fuerint
510 1959 652 2042 expedita
682 1958 854 2041 rescriptis,
885 1977 941 2042 pro
973 1961 1097 2024 nostrae
1127 1960 1231 2024 tamen

103 2063 253 2147 obsequio
277 2063 468 2129 credidimus
492 2065 668 2131 deuotionis
691 2064 835 2141 indenda,
854 2084 892 2129 ne
914 2084 975 2128 non
997 2082 1125 2149 rogasse
1143 2066 1232 2154 puta·

101 2189 205 2234 ramur
234 2170 429 2256 recondendo
461 2190 657 2254 responsum,
690 2171 774 2253 quod
809 2171 987 2252 accepimus
1019 2169 1231 2251 deprecantes.

101 2276 240 2358 proinde,
266 2276 409 2360 piissime
435 2269 616 2360 imperator,
639 2277 717 2342 haec
740 2296 797 2342 suo
821 2276 943 2341 nomine
968 2280 1095 2342 senatus
1118 2274 1232 2341 sereni·
1256 2275 1276 2338 7

101 2382 178 2446 tatis
214 2385 288 2447 tuae
324 2382 491 2448 clementia
523 2384 714 2466 prouocatus
753 2383 903 2461 adiunxit,
935 2385 972 2447 ut
1002 2381 1105 2447 animo
1138 2390 1256 2464 quam

57 2485 295 2572 Ι11111111111111
323 2492 455 2570 utraque
482 2507 515 2552 re
542 2472 670 2570 publica
696 2486 909 2553 concordanda
935 2486 1036 2566 fuisti,
1067 2490 1132 2552 tam
1161 2503 1231 2552 esse

100 2592 154 2674 pio
182 2594 213 2658 in
241 2594 394 2659 ecclesiae
421 2593 660 2678 redintegranda
687 2594 805 2658 unitate
833 2593 982 2674 noscaris.
1017 2611 1089 2683 narn
1114 2596 1152 2656 ut
1172 2610 1231 2675 pax

101 2698 157 2762 illa
178 2718 349 2792 regnorum
368 2702 496 2789 tantum
516 2701 615 2765 scitur
635 2698 784 2783 prodesse
808 2698 970 2777 subiectis,
994 2698 1041 2763 sio
1062 2699 1139 2764 haec
1160 2696 1231 2762 reli·

99 2803 204 2887 gionis
232 2823 304 2870 cum
330 2807 448 2887 populo
477 2824 534 2871 suo
561 2804 687 2888 proficit
710 2805 886 2888 imperanti.
924 2805 1044 2870 etenim¹
1071 2804 1143 2888 quis
1169 2824 1231 2871 non
1254 2806 1275 2869 8

101 2908 266 2978 haeresum
300 2910 488 2993 perfidarum
525 2930 674 3002 sequaces
710 2911 782 2994 plus
814 2930 910 2994 quam
941 2910 1027 2994 ipsos
1060 2909 1230 2992 deliquisse

57 3031 84 3070 2⁵
100 3019 192 3098 putet
225 3019 392 3082 auctores?
429 3018 499 3099 quis
531 3037 592 3083 non
619 3020 692 3101 post
717 3017 897 3100 patibulum
924 3016 1026 3081 crucis
1053 3015 1230 3082 diuidentes

99 3124 215 3189 iterum
244 3121 362 3189 Christi
388 3125 527 3189 membra
557 3125 764 3189 condemnet?
795 3124 916 3206 utinam
944 3122 1022 3188 haec
1048 3121 1111 3186 iam
1137 3121 1230 3187 nobis

99 3229 303 3314 regnantibus
340 3248 436 3296 causa
468 3230 633 3313 coepisset,
656 3232 694 3293 ut
723 3229 848 3295 facilius
877 3228 962 3304 11111
992 3227 1233 3311 reprimerentur

100 3334 265 3411 nascentia
294 3355 387 3424 quam
419 3322 593 3418 prouecta!
622 3355 694 3400 nam
724 3336 794 3418 quis
826 3334 967 3418 ambigat
996 3352 1057 3398 non
1087 3333 1232 3416 potuisse

101 3442 169 3506 eius
192 3433 334 3520 existere,
358 3442 449 3508 cuius
474 3442 587 3528 corrigi
608 3440 804 3524 temporibus
827 3440 950 3508 uideret
972 3442 1128 3506 errorem?

187 3666 320 3722 anates.
338 3661 364 3729 5.
383 3668 399 3721 s
433 3628 548 3730 4111.
566 3664 581 3718 1
600 3665 641 3729 rs,
663 3665 695 3719 11
749 3664 765 3718 1
784 3663 817 3718 er.
837 3662 896 3720 cor.
914 3662 930 3718 1
948 3664 989 3728 ra,
1009 3661 1081 3719 1-a
1120 3691 1122 3695 >

136 3807 149 3862 1
170 3807 305 3863 abundare
327 3806 360 3870 17,
379 3822 445 3863 corr.
465 3805 492 3877 ρ2
562 3804 686 3875 qnodque
703 3804 788 3859 Bora
807 3819 972 3876 1111111111Ι
989 3802 1016 3873 V
1037 3812 1042 3819 ’
1081 3798 1175 3874 41111
1197 3803 1233 3869 V,

100 3911 168 3969 corr.
184 3895 216 3949 a*
289 3895 319 3950 11
339 3894 476 3948 hortamur
497 3894 529 3958 V,
549 3892 695 3956 cora-eod,
711 3892 832 3962 Ampelio.
892 3893 925 3947 12
943 3882 1229 3971 delinquenti-sBoa:

100 3983 312 4054 delinquentium
335 3981 362 4036 V
395 3982 428 4036 13
445 3981 578 4052 impendit
600 3981 631 4045 V,
650 3996 717 4036 corr.
737 3979 765 4051 112
816 3996 931 4052 persona
948 3974 1234 4050 capersana-,eora'V

103 4074 135 4128 14
154 4087 212 4127 curn
230 4072 271 4124 0⁸:
290 4087 369 4140 quam
388 4069 418 4135 V,
437 4086 597 4140 quamquam
616 4067 644 4140 9²
693 4069 724 4124 17
743 4067 911 4130 recondendo
927 4067 1013 4138 ,Bora
1030 4060 1179 4126 recedendo
1197 4066 1229 4127 V.

100 4159 238 4215 reticendo
255 4158 283 4230 p²
326 4159 358 4213 21
378 4157 600 4230 redintegrandae
622 4156 654 4222 V,
672 4172 740 4212 corr.
759 4157 817 4212 cod.
835 4156 973 4226 Angelius·
1001 4155 1036 4211 22
1054 4154 1093 4209 sic
1110 4153 1149 4208 0²:
1164 4154 1188 4209 si
1206 4154 1235 4210 V
