2864 4620
224 263 288 328 518
328 259 464 315 ludiculns
483 259 561 314 datus
578 259 700 315 Enuodio
718 252 865 315 Fortunato
886 263 949 325 etc.;
968 260 1085 330 capitula
1103 276 1240 313 causarum

223 453 332 519 iuuare
350 455 422 536 plus
441 456 604 535 poterunt;
628 450 659 518 et
682 454 754 536 quie
777 473 867 518 seruo
891 456 998 518 uestro
1016 451 1351 538 Uitalianomagistro

206 560 362 624 militum
385 560 480 625 talem
503 559 634 625 dedistis
657 558 826 636 licentiam,
849 564 885 624 ut
904 555 954 646 [si]
973 562 1111 642 speraret
1127 579 1146 622 e
1163 560 1350 626 beatissime

225 684 314 755 papa,
338 669 375 729 ut
397 669 451 748 pro
475 666 592 746 talibus
616 665 730 743 causis,
758 666 841 748 apud
868 684 939 729 eum
967 664 1194 730 discussionem
1224 685 1350 745 causae,

174 809 175 812 =
226 771 274 835 his
307 771 461 853 personis,
494 771 610 853 quibus
643 770 680 835 de
711 772 780 836 loco
816 774 923 852 potest
954 790 1023 836 esse
1053 770 1195 848 intentio,
1225 771 1353 857 integra

174 875 213 938 21
225 876 373 941 uniuersa
395 878 578 940 seruentur'.
633 876 666 939 si
682 877 850 959 imperator
868 875 978 940 dixerit
995 876 1071 940 ‘sine
1090 876 1235 959 episcopo
1254 877 1353 943 habet
1383 899 1397 940 o

227 997 295 1046 esse
319 981 431 1047 ciuitas
454 985 547 1071 mec?
579 982 638 1049 hoc
661 981 752 1047 uobis
775 982 888 1065 placet,
911 984 948 1046 ut
974 982 1029 1047 ubi
1057 1001 1114 1067 ego
1141 1000 1261 1059 maneo,
1285 983 1352 1067 epi»

227 1107 340 1171 scopus
368 1107 430 1160 uon
458 1087 533 1153 sit?'
569 1086 820 1169 respondendum
843 1085 1060 1170 praediximus
1084 1087 1214 1152 duarum
1244 1108 1353 1172 perso-

225 1213 334 1258 narum
366 1193 580 1280 intentionem,
601 1211 670 1259 csse
701 1193 733 1258 in
764 1193 827 1257 ists
858 1193 995 1258 cinitste.
1036 1193 1119 1275 quod
1150 1193 1189 1258 ud
1216 1213 1352 1261 canones

227 1299 371 1383 pertinet,
389 1299 452 1363 iam
476 1302 545 1366 ente
569 1298 804 1384 suggessimus:
828 1317 960 1364 canones
979 1301 1101 1364 soluere
1118 1300 1149 1365 in
1167 1300 1354 1384 religionem

227 1405 423 1471 committere
442 1408 500 1470 est.
527 1407 633 1484 multe,
651 1407 726 1470 sunt
746 1405 893 1486 remedie,
915 1404 1017 1469 mults
1037 1405 1174 1484 inuenta,
1196 1425 1251 1489 per
1273 1425 1354 1489 quac
1373 1428 1401 1468 re

227 1511 328 1594 pietas
359 1513 467 1576 uestra
497 1511 564 1576 sine
595 1511 812 1576 communione
844 1528 913 1575 esse
944 1530 1004 1575 non
1036 1511 1139 1594 pessit
1169 1513 1201 1576 et
1229 1511 1356 1596 integre

175 1615 218 1677 22
227 1617 414 1682 iudiciorum
427 1617 528 1683 forme
542 1616 703 1682 semetur'.
758 1617 786 1682 si
799 1616 910 1681 dixerit
922 1624 1010 1699 ‘quse
1025 1620 1099 1682 sunt
1107 1617 1170 1696 iste
1183 1616 1353 1683 remedief'

226 1722 395 1812 respondes
423 1725 493 1788 ‘non
517 1742 536 1788 a
557 1723 646 1789 nobis
674 1723 796 1797 nouiter
821 1722 983 1787 inchoate:
1013 1741 1165 1805 suspense
1189 1730 1287 1787 censs
1315 1723 1355 1788 do

223 1829 297 1894 eliis
333 1829 491 1915 episcopis
524 1840 665 1911 persons,
697 1839 778 1910 quoe
811 1830 966 1894 censentit
1000 1828 1190 1894 confessioni
1222 1828 1353 1911 pietatis

223 1936 348 2005 ,uestrae
364 1938 396 1999 et
409 1935 592 2008 constitutis
615 1935 698 1999 sedis
720 1934 922 2016 spostolicae,
935 1934 1062 1999 interim
1083 1952 1185 2017 usque
1206 1933 1246 1996 sd
1259 1951 1353 1997 euen—
1373 1954 1399 2002 ro

226 2043 296 2105 tum
326 2041 515 2126 cognitionis
537 2041 642 2106 locum
671 2038 1008 2123 Constantinopolitani
1028 2019 1137 2105 tenent
1158 2037 1352 2105 sacerdotis'.

165 2145 217 2207 ’23
272 2145 306 2212 Si
339 2135 411 2213 cnm
444 2147 494 2215 dei
524 2146 680 2213 adiutorio
709 2146 847 2228 episcopi
870 2145 1028 2211 noluerint
1054 2165 1087 2210 se
1115 2144 1353 2210 adcommodare

229 2252 297 2322 sedi
333 2253 538 2336 spostolicae,
572 2252 696 2319 habetis
732 2255 852 2317 textum
883 2252 984 2322 libelli
1024 2270 1059 2315 ex
1100 2250 1213 2317 scrinio
1253 2251 1352 2315 eccle·

228 2358 292 2423 sice
321 2359 453 2437 editum,
477 2359 564 2423 iuxta
596 2377 690 2441 quem
718 2357 850 2423 debeant
874 2357 1022 2441 profiteri.
1058 2356 1087 2422 si
1112 2359 1216 2422 temen
1245 2359 1354 2421 contre

228 2464 306 2530 alios
330 2464 495 2548 episcopos
519 2464 683 2536 catholicis
707 2463 797 2528 datae
818 2463 934 2528 fuerint
960 2463 1138 2545 petitiones,
1164 2480 1353 2547 magnopere
1372 2500 1399 2540 er

229 2573 337 2644 contre
370 2565 454 2648 illos,
491 2569 545 2652 qui
581 2570 649 2634 sine
683 2568 871 2634 uerecundia
902 2568 1162 2636 calcedonensem
1198 2567 1353 2651 synodum

229 2675 493 2740 anathematizent
516 2683 548 2739 et
570 2675 719 2758 epistolas
741 2694 802 2740 nou
820 2664 977 2757 recipiunt
994 2675 1095 2739 sancti
1112 2692 1210 2756 papae
1228 2673 1353 2752 Leonis,
1405 2715 1408 2722 ·

228 2781 396 2865 petitiones
419 2781 581 2864 suscipite,
605 2800 730 2848 causum
752 2785 856 2846 tamen
879 2780 962 2846 sedis
986 2780 1174 2863 apostolicae
1192 2784 1355 2847 resernute

228 2887 356 2965 ruricio,
380 2890 417 2952 ur
439 2890 472 2953 et
494 2880 582 2971 spon
606 2886 928 2953 sensumsensurn
951 2889 984 2952 er
1003 2889 1109 2954 samen
1134 2885 1225 2951 nous
1248 2868 1356 2965 serila

59 3009 62 3012 ’
178 2995 219 3058 24
228 2995 412 3058 reseruetur
431 2993 612 3058 auctoritas.
659 2993 687 3058 si
704 2996 809 3057 temen
827 2992 997 3076 imperator
1014 2991 1232 3058 serenissimus
1249 2993 1356 3056 totum
1375 3026 1403 3068 ‚5

106 3139 109 3148 ·
230 3118 264 3165 se
284 3099 466 3184 promiserit
488 3107 558 3165 esse
574 3099 747 3184 ¹fuctumm
770 3101 893 3164 tantum
920 3097 958 3164 u't
983 3101 1122 3165 nestrum
1147 3096 1356 3181 praesentiam

230 3205 475 3285 commodemus,
498 3204 601 3272 modis
623 3195 769 3270 omnibus
787 3205 875 3288 prius
894 3223 982 3275 sacre
997 3205 1099 3289 ipsius
1117 3223 1172 3289 per
1190 3201 1356 3290 episcopos

229 3313 284 3377 uel
305 3311 472 3394 epistolem
493 3316 633 3377 nostram
656 3325 718 3376 une
742 3309 781 3375 de
808 3311 922 3376 uestris
949 3310 1123 3393 perferente
1150 3329 1205 3394 per
1230 3308 1357 3391 prouin-

230 3420 295 3483 cias
318 3436 380 3483 uns
402 3436 475 3482 cum
496 3417 649 3501 personis,
673 3435 751 3500 ques
773 3415 942 3500 imperator
959 3415 1171 3499 deputsuerit,
1186 3414 1356 3493 destinate,

229 3527 267 3589 ut
289 3524 334 3589 sio
357 3542 429 3588 eum
452 3541 580 3616 seruare
598 3520 828 3588 calcedonense
849 3522 1018 3592 concilium
1037 3524 1069 3588 et
1086 3521 1236 3603 epistolas
1255 3521 1402 3594 sanctiss

229 3649 327 3714 pepse
353 3628 467 3694 Leonis
495 3628 639 3694 omnibus
666 3628 852 3711 innotescet
893 3627 1009 3711 quibus
1039 3628 1085 3693 ite
1115 3626 1357 3710 procedentibus

265 3803 282 3857 2
295 3801 319 3856 si
333 3801 421 3856 deleret
438 3803 489 3868 (ors
504 3801 674 3855 rottrodum
692 3799 787 3867 sibif);
807 3800 840 3855 dc
852 3799 929 3855 uerbi
945 3801 1076 3870 sperandi
1092 3816 1172 3857 usum
1184 3800 1219 3868 cf.
1233 3799 1358 3855 ludicen

230 3893 246 3946 5
268 3889 352 3945 hebet
375 3889 402 3942 V
421 3890 467 3958 (cf.
488 3887 606 3952 Remo,
628 3887 722 3944 Itolo²
745 3892 804 3956 447
824 3891 904 3959 σφωε
918 3888 1012 3946 ,ᾱεδεὴ
1031 3889 1102 3945 Βοὴ
1233 3888 1269 3942 20
1290 3887 1358 3955 tort.

226 3982 281 4034 .<s>
292 3977 431 4033 catholicis
502 3978 635 4033 idumeos
656 3976 688 4045 V,
705 3992 773 4032 corr.
791 3977 860 4032 Bcr.
939 3980 1030 4032 temen
1046 3978 1156 4046 scripsi:
1172 3979 1263 4031 temen
1280 3975 1309 4029 in
1334 3976 1361 4029 V

226 4069 367 4122 reseruata
384 4063 411 4117 οἳ
462 4067 498 4121 24
515 4064 592 4135 nobis
613 4065 646 4129 V,
664 4081 733 4120 cerr.
746 4065 817 4126 Bor.
870 4067 904 4128 27
922 4082 1024 4120 sectam
1038 4064 1263 4137 p²,<cum>s'ccrs
1279 4063 1361 4118 fleiel

230 4155 265 4212 28
279 4155 431 4227 perferente
450 4153 488 4226 p²;
506 4154 663 4225 perferendo
685 4154 712 4207 V
778 4171 827 4226 per
843 4155 928 4214 Burs
946 4154 1037 4209 uelV
