2864 4620
512 274 596 343 spru.
616 272 860 330 cxv114-1n
1025 249 1026 255 Ν
1159 273 1223 344 -515

97 469 137 534 ad
155 467 349 534 Uitalianum
372 467 515 544 directas,
541 467 587 533 sic
608 468 858 551 respondendum·
889 472 938 536 est
953 472 1028 534 “non
1052 470 1111 536 hoc
1132 471 1223 536 nobis

96 578 314 658 paternoster
337 577 464 640 sanctus
487 592 569 657 papo
595 574 754 657 praecepit
779 592 836 639 nec
864 575 930 640 sine
957 575 1096 642 iussione
1122 576 1224 659 ipsius
1260 628 1262 632 Α

97 681 225 764 aliquid
238 699 409 763 possumus
427 681 544 757 facere;
568 683 672 745 tamen
695 684 731 746 ut
753 680 860 746 sciatis
884 681 1119 764 simplicitatem
1140 682 1224 748 litte-

96 806 212 864 rarum,
237 787 311 869 qnia
333 786 379 851 nil
401 786 487 852 aliud
510 787 627 851 habent
648 785 710 872 nisi
732 805 839 869 preces
862 786 901 851 ad
918 789 1068 870 pietatem
1084 791 1223 859 uestram

64 893 243 970 edirectas,
266 896 303 958 ut
325 892 571 969 adcommodetis
594 890 732 958 animum
754 895 895 959 uestrum
914 911 969 976 pro
988 893 1111 958 unitate
1126 894 1223 959 eccle·

97 999 172 1074 siae,
204 998 326 1082 iungite
357 998 521 1073 nobiscum
554 1017 730 1081 personam,
760 1017 822 1081 qua
852 1001 1015 1081 praesente
1046 999 1223 1080 traditeea

93 1105 187 1170 nobis
218 1104 343 1169 litterae
373 1102 570 1188 relegantur‘.
612 1103 639 1168 si
671 1122 745 1169 uero
777 1103 889 1173 dixerit
913 1103 1081 1185 imperator
1108 1123 1162 1169 eas
1188 1123 1222 1170 se

96 1211 208 1280 debere
234 1211 383 1294 relegere,
410 1209 578 1292 respondes
602 1209 669 1274 iam
695 1213 726 1274 te
754 1209 952 1294 suggessisse
978 1208 1101 1275 iussum
1122 1209 1223 1274 tibia

96 1319 203 1382 sancto
227 1335 307 1399 papa
329 1334 390 1386 non
413 1315 522 1380 luisse.
586 1315 613 1380 si
635 1305 748 1380 dixerit
769 1316 838 1382 ‘hoc
860 1318 984 1381 tanturn
1007 1319 1065 1393 est,
1085 1315 1168 1399 quod
1189 1316 1222 1381 in
1253 1322 1272 1386 9

48 1449 78 1489 uo
94 1421 211 1486 litteris
240 1421 431 1506 continetur3
465 1422 600 1502 possunt
625 1421 708 1484 enim
736 1423 768 1486 et
793 1419 950 1485 mandatis
977 1420 1038 1485 alia
1066 1421 1220 1497 nuntiari',

94 1531 170 1593 tunc
193 1527 362 1610 respondes
386 1527 480 1592 ‘absit
498 1544 516 1591 a
534 1526 725 1591 conscientia
742 1528 863 1592 nostra!
887 1527 976 1592 nobis
1002 1545 1062 1592 non
1082 1530 1131 1592 est
1146 1527 1221 1593 talis

96 1633 307 1711 consuetudo;
336 1651 393 1697 nos
415 1651 471 1716 pro
495 1631 544 1696 dei
568 1650 663 1706 causa
684 1632 829 1702 uenimus
853 1632 938 1697 etin
961 1633 1053 1698 deum
1077 1633 1221 1698 commis·

90 1739 161 1804 stri
194 1743 328 1814 sumus?
364 1738 496 1825 simplex
529 1740 578 1804 est
609 1738 710 1804 sancti
740 1755 838 1821 popae
869 1737 985 1823 legatio
1018 1741 1050 1804 et
1076 1739 1221 1804 omnihus

95 1849 170 1911 nota
191 1845 262 1928 ipsa
283 1846 351 1910 eius
374 1844 497 1928 petitio,
520 1843 607 1927 ipsae
629 1861 747 1928 preces,
770 1848 808 1910 ut
830 1845 1002 1910 constituta
1018 1850 1141 1930 patrum
1159 1865 1220 1912 non

47 1977 77 2018 -1e
96 1938 345 2033 corrumpantur,
368 1952 406 2015 ut
427 1949 575 2015 haeretici
603 1949 640 2024 de
668 1949 809 2021 ecclesiis
835 1956 1065 2016 remoueantnr.
1100 1955 1222 2034 praeter

93 2057 157 2123 ista
177 2056 425 2141 legationostra
448 2056 492 2120 nil
514 2056 673 2137 continet'.
729 2055 756 2120 si
779 2055 890 2120 dixerit
911 2056 991 2121 ‘inde
1015 2059 1046 2121 et
1068 2056 1107 2121 ad
1130 2063 1272 2144 synoero

91 2163 170 2228 idum
186 2161 331 2227 ,inuitaui
359 2164 503 2226 senodum
529 2180 652 2244 papam,
679 2163 717 2226 nt
743 2161 772 2227 si
799 2164 850 2226 est
876 2161 998 2245 aliquid·
1025 2163 1219 2248 ambiguum,

88 2269 255 2335 tolleretur
279 2286 295 2336 e
317 2266 442 2343 medio’,
460 2266 710 2349 respondendum
742 2270 791 2332 est
812 2268 945 2353 ‘agimus
969 2268 1026 2334 deo
1046 2270 1166 2354 gratias
1189 2273 1221 2335 et

91 2375 204 2458 pietati
233 2376 368 2448 uestrae,
400 2372 474 2455 quia
503 2373 587 2438 hunc
617 2392 676 2438 nos
708 2373 854 2439 allectum
882 2376 914 2439 et
940 2375 1079 2442 animum
1106 2375 1219 2441 habere

48 2481 324 2566 recognoscimus,
347 2481 385 2544 ut
407 2497 453 2558 ea,
477 2498 557 2561 qnae
580 2497 598 2543 a
619 2479 761 2563 patribus
785 2479 958 2545 constituta
984 2483 1067 2558 sunt,
1095 2500 1219 2566 genera-

91 2587 165 2652 litas
190 2587 304 2661 seruet,
328 2583 403 2667 quia
423 2587 504 2650 tunc
521 2603 597 2650 uera
620 2589 652 2650 et
674 2588 782 2650 sancta
803 2585 907 2654 unitas
929 2589 1036 2668 potest
1053 2605 1122 2651 esse
1139 2587 1220 2651 inter

92 2691 243 2766 ecclesias
273 2690 400 2768 Christi,
434 2691 461 2755 si
488 2710 546 2757 uos
574 2691 631 2757 deo
662 2691 791 2756 iuuante
823 2691 892 2770 hoc,
926 2691 1009 2774 quod
1041 2688 1218 2760 decessores

90 2798 190 2865 nostri
206 2797 385 2865 Marcianus
406 2801 439 2864 et
454 2798 517 2863 Leo
537 2793 763 2875 custodierunt,
780 2798 898 2883 eligitis
918 2817 986 2863 esse
1006 2798 1217 2864 seruandum’.
1285 2795 1287 2797 ’

91 2905 119 2970 si
140 2905 196 2969 ille
219 2903 330 2969 dixerit
353 2905 396 2969 ‘et
418 2922 497 2995 quae
520 2907 596 2969 sunt
625 2905 697 2981 ista,
721 2923 800 2986 quae
833 2903 956 2982 dicisi’,
982 2903 1150 2986 respondes
1173 2906 1267 2977 ‘utll

42 3038 71 3077 ae
90 3008 228 3094 synodus
249 3008 510 3076 Chalcedonensis
534 3013 566 3074 et
588 3009 741 3093 epistolae
764 3010 864 3075 sancti
882 3009 1119 3093 papaeLeonis,
1139 3028 1217 3092 quae

90 3115 226 3199 scriptae
249 3119 324 3180 sunt
346 3120 453 3181 contra
476 3107 648 3182 haereticos
665 3115 849 3181 Nestorium
868 3120 899 3181 ot
915 3115 1078 3200 Eutychen
1106 3118 1138 3180 et
1162 3115 1216 3180 Di·

90 3208 245 3299 oscornm,
268 3221 448 3304 nullatenus
471 3221 728 3303 corrumpantur.
782 3221 810 3287 si
836 3221 948 3287 dixerit
969 3224 1035 3287 ‘nos
1063 3221 1214 3305 synodum
1229 3233 1268 3296 12

89 3322 376 3394 chalcedonensem
407 3330 440 3393 et
471 3327 621 3411 epistolas
652 3346 750 3410 papae
780 3328 893 3393 Leonis
927 3332 959 3393 et
988 3327 1157 3411 recipimus
1185 3330 1217 3392 et

87 3431 251 3510 tenemus',
284 3451 342 3498 uos
373 3452 446 3498 mox
478 3433 595 3519 gratias
628 3433 713 3518 agite
740 3436 772 3498 et
797 3436 908 3516 pectus
937 3434 1003 3499 eius
1031 3432 1218 3509 osculamini

43 3568 70 3608 so
88 3538 272 3604 clementiae
301 3538 441 3606 dicentes
470 3540 572 3605 ‘modo
597 3539 803 3624 cognouimus
819 3539 919 3605 ,deum
943 3539 1033 3605 nobis
1057 3557 1126 3606 esse
1148 3559 1217 3623 pro-

86 3639 212 3728 pitium,
241 3644 363 3726 quando
391 3648 549 3729 praestare
576 3647 653 3718 talis
679 3645 848 3738 festinatis,
877 3647 950 3730 quia
976 3646 1037 3720 ista
1064 3649 1114 3712 est
1138 3642 1216 3711 fides

87 3750 252 3830 catholica,
280 3751 347 3816 'ista
379 3756 436 3832 est,
469 3772 563 3836 quam
594 3746 865 3837 praedicanerunt¹
884 3742 1028 3836 apostoli,
1058 3754 1125 3819 sine
1156 3771 1218 3836 qua

121 3984 155 4040 23
173 3985 281 4056 elegitis
304 3985 336 4050 V,
354 4001 421 4050 corr.
442 4004 468 4058 p:
487 3987 623 4058 elegeritis
644 3986 707 4070 Gar.
747 3974 782 4042 '26
802 3988 926 4044 eutichen
949 3987 974 4040 V
1016 3988 1051 4044 28
1068 3988 1216 4058 recepimus

84 4072 153 4215 ξαν.
243 4075 278 4130 30
301 4075 458 4130 clementiae
481 4093 532 4132 om.
554 4077 624 4130 Bur.
714 4076 746 4131 31
771 4081 907 4146 praestare
924 4077 1035 4146 caepa:
1059 4077 1168 4132 sortiare
1184 4077 1216 4142 V,

97 4178 204 4217 soerec
