<?xml version="1.0" encoding="UTF-8"?>
<!DOCTYPE html PUBLIC "-//W3C//DTD XHTML 1.0 Transitional//EN"
    "http://www.w3.org/TR/xhtml1/DTD/xhtml1-transitional.dtd">
<html xmlns="http://www.w3.org/1999/xhtml" xml:lang="en" lang="en">
 <head>
  <title>
</title>
<meta http-equiv="Content-Type" content="text/html;charset=utf-8" />
  <meta name='ocr-system' content='tesseract 3.04.00' />
  <meta name='ocr-capabilities' content='ocr_page ocr_carea ocr_par ocr_line ocrx_word'/>
</head>
<body>
  <div class='ocr_page' id='page_1' title='image "./epistulaeimpera00gngoog_0229.png"; bbox 0 0 2894 4634; ppageno 0'>
   <div class='ocr_carea' id='block_1_1' title="bbox 176 242 1087 326">
    <p class='ocr_par' dir='ltr' id='par_1_1' title="bbox 176 242 1087 326">
     <span class='ocr_line' id='line_1_1' title="bbox 176 242 1087 326; baseline -0.018 -14"><span class='ocrx_word' id='word_1_1' title='bbox 176 249 239 312; x_wconf 77' lang='lat'><strong>712</strong></span> <span class='ocrx_word' id='word_1_2' title='bbox 406 243 546 326; x_wconf 15' lang='lat' dir='ltr'><strong>*Syundna</strong></span> <span class='ocrx_word' id='word_1_3' title='bbox 564 243 861 313; x_wconf 77' lang='lat' dir='ltr'><strong>constantinopolitana</strong></span> <span class='ocrx_word' id='word_1_4' title='bbox 877 242 1035 297; x_wconf 80' lang='lat' dir='ltr'><strong>Hormisdae</strong></span> <span class='ocrx_word' id='word_1_5' title='bbox 1086 256 1087 259; x_wconf 71' lang='grc'>’</span> 
     </span>
    </p>
   </div>
   <div class='ocr_carea' id='block_1_2' title="bbox 66 435 1363 3280">
    <p class='ocr_par' dir='ltr' id='par_1_2' title="bbox 66 435 1337 1796">
     <span class='ocr_line' id='line_1_2' title="bbox 131 435 1295 520; baseline 0.004 -23"><span class='ocrx_word' id='word_1_6' title='bbox 131 435 151 497; x_wconf 89' lang='grc'><strong>6</strong></span> <span class='ocrx_word' id='word_1_7' title='bbox 175 455 298 502; x_wconf 89' lang='lat' dir='ltr'><strong>omnem</strong></span> <span class='ocrx_word' id='word_1_8' title='bbox 321 435 562 520; x_wconf 85' lang='lat' dir='ltr'><strong>praeconiorum</strong></span> <span class='ocrx_word' id='word_1_9' title='bbox 584 436 704 502; x_wconf 89' lang='lat' dir='ltr'><strong>fontem</strong></span> <span class='ocrx_word' id='word_1_10' title='bbox 724 435 1005 503; x_wconf 81' lang='lat' dir='ltr'><strong>transcendentem.</strong></span> <span class='ocrx_word' id='word_1_11' title='bbox 1030 435 1079 501; x_wconf 90' lang='lat' dir='ltr'><strong>his</strong></span> <span class='ocrx_word' id='word_1_12' title='bbox 1102 454 1175 520; x_wconf 88' lang='lat' dir='ltr'><strong>ergo</strong></span> <span class='ocrx_word' id='word_1_13' title='bbox 1198 435 1295 502; x_wconf 87' lang='lat' dir='ltr'><strong>uirtu-</strong></span> 
     </span>
     <span class='ocr_line' id='line_1_3' title="bbox 94 538 1297 626; baseline -0.002 -18"><span class='ocrx_word' id='word_1_14' title='bbox 94 604 96 608; x_wconf 12' lang='grc' dir='ltr'><em>Α</em></span> <span class='ocrx_word' id='word_1_15' title='bbox 140 582 142 586; x_wconf 53' lang='lat'><em>2</em></span> <span class='ocrx_word' id='word_1_16' title='bbox 173 544 260 608; x_wconf 88' lang='lat' dir='ltr'><strong>tibus</strong></span> <span class='ocrx_word' id='word_1_17' title='bbox 301 538 422 626; x_wconf 91' lang='lat' dir='ltr'><strong>pollens</strong></span> <span class='ocrx_word' id='word_1_18' title='bbox 462 561 521 607; x_wconf 93' lang='lat' dir='ltr'><strong>nou</strong></span> <span class='ocrx_word' id='word_1_19' title='bbox 559 542 708 624; x_wconf 85' lang='lat' dir='ltr'><strong>inmerito</strong></span> <span class='ocrx_word' id='word_1_20' title='bbox 745 542 885 624; x_wconf 89' lang='lat' dir='ltr'><strong>proprias</strong></span> <span class='ocrx_word' id='word_1_21' title='bbox 927 543 959 606; x_wconf 93' lang='lat' dir='ltr'><strong>et</strong></span> <span class='ocrx_word' id='word_1_22' title='bbox 998 541 1130 606; x_wconf 89' lang='lat' dir='ltr'><strong>creditas</strong></span> <span class='ocrx_word' id='word_1_23' title='bbox 1171 542 1297 608; x_wconf 89' lang='lat' dir='ltr'><strong>sibimet</strong></span> 
     </span>
     <span class='ocr_line' id='line_1_4' title="bbox 173 637 1297 731; baseline -0.001 -17"><span class='ocrx_word' id='word_1_24' title='bbox 173 649 323 714; x_wconf 85' lang='lat' dir='ltr'><strong>maximas</strong></span> <span class='ocrx_word' id='word_1_25' title='bbox 352 637 505 713; x_wconf 81' lang='lat' dir='ltr'><strong>ecclesiae</strong></span> <span class='ocrx_word' id='word_1_26' title='bbox 528 666 621 714; x_wconf 89' lang='lat' dir='ltr'><strong>curas</strong></span> <span class='ocrx_word' id='word_1_27' title='bbox 644 647 801 730; x_wconf 80' lang='lat' dir='ltr'><strong>sapienter</strong></span> <span class='ocrx_word' id='word_1_28' title='bbox 832 650 865 711; x_wconf 89' lang='lat' dir='ltr'><strong>at</strong></span> <span class='ocrx_word' id='word_1_29' title='bbox 894 648 1026 713; x_wconf 82' lang='lat' dir='ltr'><strong>honeste</strong></span> <span class='ocrx_word' id='word_1_30' title='bbox 1049 646 1187 731; x_wconf 86' lang='lat' dir='ltr'><strong>gessisse</strong></span> <span class='ocrx_word' id='word_1_31' title='bbox 1211 647 1297 714; x_wconf 89' lang='lat' dir='ltr'><strong>dino-</strong></span> 
     </span>
     <span class='ocr_line' id='line_1_5' title="bbox 66 742 1297 835; baseline -0.002 -15"><span class='ocrx_word' id='word_1_32' title='bbox 66 782 70 791; x_wconf 53' lang='grc'><strong>’</strong></span> <span class='ocrx_word' id='word_1_33' title='bbox 173 755 282 832; x_wconf 87' lang='lat' dir='ltr'><strong>scitur,</strong></span> <span class='ocrx_word' id='word_1_34' title='bbox 307 754 425 820; x_wconf 90' lang='lat' dir='ltr'><strong>habeus</strong></span> <span class='ocrx_word' id='word_1_35' title='bbox 456 755 488 819; x_wconf 95' lang='lat' dir='ltr'><strong>in</strong></span> <span class='ocrx_word' id='word_1_36' title='bbox 518 757 623 819; x_wconf 87' lang='lat' dir='ltr'><strong>mente</strong></span> <span class='ocrx_word' id='word_1_37' title='bbox 643 753 733 832; x_wconf 89' lang='lat' dir='ltr'><strong>illud,</strong></span> <span class='ocrx_word' id='word_1_38' title='bbox 758 752 842 835; x_wconf 85' lang='lat' dir='ltr'><strong>qnod</strong></span> <span class='ocrx_word' id='word_1_39' title='bbox 874 772 892 817; x_wconf 89' lang='lat' dir='ltr'><strong>a</strong></span> <span class='ocrx_word' id='word_1_40' title='bbox 923 754 1003 818; x_wconf 88' lang='lat' dir='ltr'><strong>sacri</strong></span> <span class='ocrx_word' id='word_1_41' title='bbox 1030 752 1145 818; x_wconf 88' lang='lat' dir='ltr'><strong>cantici</strong></span> <span class='ocrx_word' id='word_1_42' title='bbox 1171 742 1297 819; x_wconf 89' lang='lat' dir='ltr'><strong>anctore</strong></span> 
     </span>
     <span class='ocr_line' id='line_1_6' title="bbox 172 859 1337 952; baseline -0.003 -27"><span class='ocrx_word' id='word_1_43' title='bbox 172 862 306 943; x_wconf 89' lang='lat' dir='ltr'><strong>relatum</strong></span> <span class='ocrx_word' id='word_1_44' title='bbox 335 867 398 926; x_wconf 87' lang='lat' dir='ltr'><strong>est:</strong></span> <span class='ocrx_word' id='word_1_45' title='bbox 428 880 469 926; x_wconf 91' lang='lat' dir='ltr'><strong>os</strong></span> <span class='ocrx_word' id='word_1_46' title='bbox 497 879 620 950; x_wconf 86' lang='lat' dir='ltr'><strong>meum</strong></span> <span class='ocrx_word' id='word_1_47' title='bbox 642 859 828 942; x_wconf 87' lang='lat' dir='ltr'><strong>loquitur</strong></span> <span class='ocrx_word' id='word_1_48' title='bbox 851 859 1093 952; x_wconf 86' lang='lat' dir='ltr'><strong>sapientiam</strong></span> <span class='ocrx_word' id='word_1_49' title='bbox 1118 861 1157 924; x_wconf 91' lang='lat' dir='ltr'><strong>et</strong></span> <span class='ocrx_word' id='word_1_50' title='bbox 1178 859 1294 924; x_wconf 89' lang='lat' dir='ltr'><strong>medi·</strong></span> <span class='ocrx_word' id='word_1_51' title='bbox 1324 879 1337 920; x_wconf 81' lang='lat' dir='ltr'><strong>a</strong></span> 
     </span>
     <span class='ocr_line' id='line_1_7' title="bbox 130 963 1332 1052; baseline -0.003 -18"><span class='ocrx_word' id='word_1_52' title='bbox 130 963 277 1035; x_wconf 74' lang='lat' dir='ltr'><strong>ltatio</strong></span> <span class='ocrx_word' id='word_1_53' title='bbox 311 970 443 1036; x_wconf 90' lang='lat' dir='ltr'><strong>cordis</strong></span> <span class='ocrx_word' id='word_1_54' title='bbox 477 969 550 1035; x_wconf 90' lang='lat' dir='ltr'><strong>mei</strong></span> <span class='ocrx_word' id='word_1_55' title='bbox 577 967 840 1052; x_wconf 76' lang='lat' dir='ltr'><strong>prudentiam.</strong></span> <span class='ocrx_word' id='word_1_56' title='bbox 869 969 950 1034; x_wconf 90' lang='lat' dir='ltr'><strong>unde</strong></span> <span class='ocrx_word' id='word_1_57' title='bbox 978 969 1150 1035; x_wconf 84' lang='lat' dir='ltr'><strong>secundnm</strong></span> <span class='ocrx_word' id='word_1_58' title='bbox 1175 972 1296 1035; x_wconf 88' lang='lat' dir='ltr'><strong>rectam</strong></span> <span class='ocrx_word' id='word_1_59' title='bbox 1330 967 1332 969; x_wconf 78' lang='grc'><strong>’</strong></span> 
     </span>
     <span class='ocr_line' id='line_1_8' title="bbox 172 1067 1298 1159; baseline -0.003 -18"><span class='ocrx_word' id='word_1_60' title='bbox 172 1078 204 1141; x_wconf 87' lang='lat' dir='ltr'><strong>at</strong></span> <span class='ocrx_word' id='word_1_61' title='bbox 224 1067 417 1158; x_wconf 87' lang='lat' dir='ltr'><strong>probabilem</strong></span> <span class='ocrx_word' id='word_1_62' title='bbox 439 1071 616 1141; x_wconf 86' lang='lat' dir='ltr'><strong>fidelissimi</strong></span> <span class='ocrx_word' id='word_1_63' title='bbox 639 1078 671 1140; x_wconf 92' lang='lat' dir='ltr'><strong>et</strong></span> <span class='ocrx_word' id='word_1_64' title='bbox 689 1074 948 1142; x_wconf 74' lang='lat' dir='ltr'><strong>christianissimi</strong></span> <span class='ocrx_word' id='word_1_65' title='bbox 970 1075 1069 1141; x_wconf 88' lang='lat' dir='ltr'><strong>nostri</strong></span> <span class='ocrx_word' id='word_1_66' title='bbox 1091 1075 1298 1159; x_wconf 72' lang='lat' dir='ltr'><strong>principis&#39;et</strong></span> 
     </span>
     <span class='ocr_line' id='line_1_9' title="bbox 167 1170 1296 1271; baseline -0.001 -26"><span class='ocrx_word' id='word_1_67' title='bbox 167 1170 332 1264; x_wconf 43' lang='lat' dir='ltr'><strong>‘piissimae</strong></span> <span class='ocrx_word' id='word_1_68' title='bbox 359 1182 486 1266; x_wconf 84' lang='lat' dir='ltr'><strong>reginae</strong></span> <span class='ocrx_word' id='word_1_69' title='bbox 508 1184 540 1246; x_wconf 92' lang='lat' dir='ltr'><strong>et</strong></span> <span class='ocrx_word' id='word_1_70' title='bbox 561 1181 862 1265; x_wconf 82' lang='lat' dir='ltr'><strong>gloriosissimorum</strong></span> <span class='ocrx_word' id='word_1_71' title='bbox 885 1181 1063 1271; x_wconf 89' lang='lat' dir='ltr'><strong>communis</strong></span> <span class='ocrx_word' id='word_1_72' title='bbox 1083 1181 1128 1247; x_wconf 89' lang='lat' dir='ltr'><strong>rei</strong></span> <span class='ocrx_word' id='word_1_73' title='bbox 1149 1181 1296 1264; x_wconf 88' lang='lat' dir='ltr'><strong>publicae</strong></span> 
     </span>
     <span class='ocr_line' id='line_1_10' title="bbox 169 1275 1330 1370; baseline 0 -20"><span class='ocrx_word' id='word_1_74' title='bbox 169 1288 333 1370; x_wconf 86' lang='lat' dir='ltr'><strong>procerum</strong></span> <span class='ocrx_word' id='word_1_75' title='bbox 362 1288 559 1366; x_wconf 82' lang='lat' dir='ltr'><strong>sententiam,</strong></span> <span class='ocrx_word' id='word_1_76' title='bbox 583 1275 706 1356; x_wconf 81' lang='lat' dir='ltr'><strong>‚nostra</strong></span> <span class='ocrx_word' id='word_1_77' title='bbox 720 1306 843 1370; x_wconf 87' lang='lat' dir='ltr'><strong>qnoque</strong></span> <span class='ocrx_word' id='word_1_78' title='bbox 872 1289 904 1352; x_wconf 88' lang='lat' dir='ltr'><strong>et</strong></span> <span class='ocrx_word' id='word_1_79' title='bbox 929 1287 993 1351; x_wconf 91' lang='lat' dir='ltr'><strong>iam</strong></span> <span class='ocrx_word' id='word_1_80' title='bbox 1017 1287 1156 1352; x_wconf 89' lang='lat' dir='ltr'><strong>omnium</strong></span> <span class='ocrx_word' id='word_1_81' title='bbox 1178 1287 1211 1350; x_wconf 91' lang='lat' dir='ltr'><strong>in</strong></span> <span class='ocrx_word' id='word_1_82' title='bbox 1235 1286 1295 1350; x_wconf 92' lang='lat' dir='ltr'><strong>hac</strong></span> <span class='ocrx_word' id='word_1_83' title='bbox 1327 1302 1330 1308; x_wconf 81' lang='grc'><strong><em>’</em></strong></span> 
     </span>
     <span class='ocr_line' id='line_1_11' title="bbox 169 1387 1337 1458; baseline 0 -3"><span class='ocrx_word' id='word_1_84' title='bbox 169 1391 245 1457; x_wconf 90' lang='lat' dir='ltr'><strong>urbe</strong></span> <span class='ocrx_word' id='word_1_85' title='bbox 272 1387 498 1458; x_wconf 63' lang='lat' dir='ltr'><strong>&#39;habitantium</strong></span> <span class='ocrx_word' id='word_1_86' title='bbox 543 1393 763 1458; x_wconf 85' lang='lat' dir='ltr'><strong>testificatione</strong></span> <span class='ocrx_word' id='word_1_87' title='bbox 794 1391 958 1458; x_wconf 74' lang='lat' dir='ltr'><strong>&#39;iudicium</strong></span> <span class='ocrx_word' id='word_1_88' title='bbox 1003 1392 1095 1457; x_wconf 92' lang='lat' dir='ltr'><strong>Pauli</strong></span> <span class='ocrx_word' id='word_1_89' title='bbox 1140 1392 1293 1456; x_wconf 89' lang='lat' dir='ltr'><strong>mirabilis</strong></span> <span class='ocrx_word' id='word_1_90' title='bbox 1312 1410 1337 1450; x_wconf 79' lang='grc' dir='ltr'><strong>ιο</strong></span> 
     </span>
     <span class='ocr_line' id='line_1_12' title="bbox 169 1497 1294 1581; baseline -0.003 -17"><span class='ocrx_word' id='word_1_91' title='bbox 169 1500 345 1566; x_wconf 90' lang='lat' dir='ltr'><strong>communis</strong></span> <span class='ocrx_word' id='word_1_92' title='bbox 378 1501 528 1566; x_wconf 88' lang='lat' dir='ltr'><strong>ecclesiae</strong></span> <span class='ocrx_word' id='word_1_93' title='bbox 560 1501 696 1567; x_wconf 86' lang='lat' dir='ltr'><strong>doctoris</strong></span> <span class='ocrx_word' id='word_1_94' title='bbox 728 1517 789 1566; x_wconf 92' lang='lat' dir='ltr'><strong>non</strong></span> <span class='ocrx_word' id='word_1_95' title='bbox 821 1503 872 1566; x_wconf 87' lang='lat' dir='ltr'><strong>cst</strong></span> <span class='ocrx_word' id='word_1_96' title='bbox 897 1500 929 1564; x_wconf 93' lang='lat' dir='ltr'><strong>in</strong></span> <span class='ocrx_word' id='word_1_97' title='bbox 957 1517 993 1564; x_wconf 89' lang='lat' dir='ltr'><strong>eo</strong></span> <span class='ocrx_word' id='word_1_98' title='bbox 1021 1498 1209 1575; x_wconf 85' lang='lat' dir='ltr'><strong>fraudatum,</strong></span> <span class='ocrx_word' id='word_1_99' title='bbox 1238 1497 1294 1581; x_wconf 89' lang='lat' dir='ltr'><strong>qni</strong></span> 
     </span>
     <span class='ocr_line' id='line_1_13' title="bbox 168 1597 1294 1690; baseline -0.002 -20"><span class='ocrx_word' id='word_1_100' title='bbox 168 1597 1294 1690; x_wconf 84' lang='lat' dir='ltr'><strong>inreprehensibilemessedebereepisoopumdenuntiat:itaet</strong></span> 
     </span>
     <span class='ocr_line' id='line_1_14' title="bbox 167 1702 1292 1796; baseline 0.003 -22"><span class='ocrx_word' id='word_1_101' title='bbox 167 1702 311 1783; x_wconf 78' lang='lat' dir='ltr'><strong>nostruin</strong></span> <span class='ocrx_word' id='word_1_102' title='bbox 322 1713 502 1795; x_wconf 89' lang='lat' dir='ltr'><strong>pontificem</strong></span> <span class='ocrx_word' id='word_1_103' title='bbox 516 1713 687 1779; x_wconf 88' lang='lat' dir='ltr'><strong>uirtutibus</strong></span> <span class='ocrx_word' id='word_1_104' title='bbox 701 1714 837 1796; x_wconf 90' lang='lat' dir='ltr'><strong>nudique</strong></span> <span class='ocrx_word' id='word_1_105' title='bbox 852 1714 1032 1778; x_wconf 88' lang='lat' dir='ltr'><strong>coronatum</strong></span> <span class='ocrx_word' id='word_1_106' title='bbox 1048 1731 1117 1792; x_wconf 84' lang='lat' dir='ltr'><strong>essa</strong></span> <span class='ocrx_word' id='word_1_107' title='bbox 1136 1711 1292 1777; x_wconf 88' lang='lat' dir='ltr'><strong>uidemus.</strong></span> 
     </span>
    </p>

    <p class='ocr_par' dir='ltr' id='par_1_3' title="bbox 117 1815 1355 2538">
     <span class='ocr_line' id='line_1_15' title="bbox 117 1815 1293 1904; baseline 0.002 -23"><span class='ocrx_word' id='word_1_108' title='bbox 117 1821 145 1884; x_wconf 83' lang='lat'>8</span> <span class='ocrx_word' id='word_1_109' title='bbox 168 1815 266 1900; x_wconf 88' lang='lat' dir='ltr'><strong>igitur·</strong></span> <span class='ocrx_word' id='word_1_110' title='bbox 306 1819 551 1884; x_wconf 83' lang='lat' dir='ltr'><strong>ecclesiasticam</strong></span> <span class='ocrx_word' id='word_1_111' title='bbox 591 1819 693 1904; x_wconf 87' lang='lat' dir='ltr'><strong>legem</strong></span> <span class='ocrx_word' id='word_1_112' title='bbox 737 1819 904 1903; x_wconf 86' lang='lat' dir='ltr'><strong>implentes</strong></span> <span class='ocrx_word' id='word_1_113' title='bbox 950 1819 1140 1902; x_wconf 88' lang='lat' dir='ltr'><strong>apostolatui</strong></span> <span class='ocrx_word' id='word_1_114' title='bbox 1183 1821 1293 1883; x_wconf 86' lang='lat' dir='ltr'><strong>uestro</strong></span> 
     </span>
     <span class='ocr_line' id='line_1_16' title="bbox 169 1911 1337 2008; baseline 0.002 -22"><span class='ocrx_word' id='word_1_115' title='bbox 169 1911 368 1990; x_wconf 81' lang='lat' dir='ltr'><strong>salutationis</strong></span> <span class='ocrx_word' id='word_1_116' title='bbox 409 1925 551 1990; x_wconf 87' lang='lat' dir='ltr'><strong>debitum</strong></span> <span class='ocrx_word' id='word_1_117' title='bbox 591 1925 806 2007; x_wconf 84' lang='lat' dir='ltr'><strong>persoluentoa</strong></span> <span class='ocrx_word' id='word_1_118' title='bbox 852 1923 991 1990; x_wconf 86' lang='lat' dir='ltr'><strong>officinm</strong></span> <span class='ocrx_word' id='word_1_119' title='bbox 1037 1943 1209 2008; x_wconf 88' lang='lat' dir='ltr'><strong>speramus,</strong></span> <span class='ocrx_word' id='word_1_120' title='bbox 1231 1942 1233 1947; x_wconf 73' lang='grc'>’</span> <span class='ocrx_word' id='word_1_121' title='bbox 1254 1926 1294 1988; x_wconf 91' lang='lat' dir='ltr'><strong>ut</strong></span> <span class='ocrx_word' id='word_1_122' title='bbox 1311 1946 1337 1988; x_wconf 77' lang='lat' dir='ltr'><strong>ra</strong></span> 
     </span>
     <span class='ocr_line' id='line_1_17' title="bbox 167 2029 1291 2115; baseline 0.002 -23"><span class='ocrx_word' id='word_1_123' title='bbox 167 2029 302 2112; x_wconf 91' lang='lat' dir='ltr'><strong>amplius</strong></span> <span class='ocrx_word' id='word_1_124' title='bbox 331 2030 470 2095; x_wconf 87' lang='lat' dir='ltr'><strong>caritatis</strong></span> <span class='ocrx_word' id='word_1_125' title='bbox 498 2031 660 2100; x_wconf 89' lang='lat' dir='ltr'><strong>uinculum</strong></span> <span class='ocrx_word' id='word_1_126' title='bbox 678 2033 719 2095; x_wconf 56' lang='lat' dir='ltr'><strong>‘et</strong></span> <span class='ocrx_word' id='word_1_127' title='bbox 745 2034 909 2115; x_wconf 87' lang='lat' dir='ltr'><strong>paternum</strong></span> <span class='ocrx_word' id='word_1_128' title='bbox 940 2031 1087 2096; x_wconf 84' lang='lat' dir='ltr'><strong>affectum</strong></span> <span class='ocrx_word' id='word_1_129' title='bbox 1117 2031 1201 2096; x_wconf 88' lang='lat' dir='ltr'><strong>circa</strong></span> <span class='ocrx_word' id='word_1_130' title='bbox 1230 2049 1291 2095; x_wconf 90' lang='lat' dir='ltr'><strong>nos</strong></span> 
     </span>
     <span class='ocr_line' id='line_1_18' title="bbox 142 2124 1292 2221; baseline 0.001 -22"><span class='ocrx_word' id='word_1_131' title='bbox 142 2124 286 2199; x_wconf 45' lang='lat' dir='ltr'><strong>&#39;caritas’</strong></span> <span class='ocrx_word' id='word_1_132' title='bbox 307 2137 414 2200; x_wconf 88' lang='lat' dir='ltr'><strong>nestra</strong></span> <span class='ocrx_word' id='word_1_133' title='bbox 442 2136 598 2202; x_wconf 85' lang='lat' dir='ltr'><strong>custodiro</strong></span> <span class='ocrx_word' id='word_1_134' title='bbox 626 2137 773 2221; x_wconf 87' lang='lat' dir='ltr'><strong>dignatur</strong></span> <span class='ocrx_word' id='word_1_135' title='bbox 800 2142 832 2201; x_wconf 87' lang='lat' dir='ltr'><strong>et</strong></span> <span class='ocrx_word' id='word_1_136' title='bbox 854 2137 988 2220; x_wconf 82' lang='lat' dir='ltr'><strong>sapienti</strong></span> <span class='ocrx_word' id='word_1_137' title='bbox 1011 2136 1233 2221; x_wconf 80' lang='lat' dir='ltr'><strong>gubernatione</strong></span> <span class='ocrx_word' id='word_1_138' title='bbox 1258 2140 1292 2200; x_wconf 89' lang='lat' dir='ltr'><strong>et</strong></span> 
     </span>
     <span class='ocr_line' id='line_1_19' title="bbox 165 2239 1292 2324; baseline 0.002 -19"><span class='ocrx_word' id='word_1_139' title='bbox 165 2239 355 2319; x_wconf 85' lang='lat' dir='ltr'><strong>hnmilitate,</strong></span> <span class='ocrx_word' id='word_1_140' title='bbox 384 2260 445 2324; x_wconf 86' lang='lat' dir='ltr'><strong>qua</strong></span> <span class='ocrx_word' id='word_1_141' title='bbox 472 2241 647 2309; x_wconf 83' lang='lat' dir='ltr'><strong>Christiano</strong></span> <span class='ocrx_word' id='word_1_142' title='bbox 676 2242 773 2322; x_wconf 88' lang='lat' dir='ltr'><strong>decet,</strong></span> <span class='ocrx_word' id='word_1_143' title='bbox 803 2245 835 2308; x_wconf 89' lang='lat' dir='ltr'><strong>et</strong></span> <span class='ocrx_word' id='word_1_144' title='bbox 859 2241 1110 2321; x_wconf 81' lang='lat' dir='ltr'><strong>mausuetudine,</strong></span> <span class='ocrx_word' id='word_1_145' title='bbox 1139 2261 1217 2324; x_wconf 81' lang='lat' dir='ltr'><strong>quae</strong></span> <span class='ocrx_word' id='word_1_146' title='bbox 1250 2243 1292 2307; x_wconf 91' lang='lat' dir='ltr'><strong>ad</strong></span> 
     </span>
     <span class='ocr_line' id='line_1_20' title="bbox 164 2346 1290 2432; baseline 0.004 -22"><span class='ocrx_word' id='word_1_147' title='bbox 164 2346 360 2413; x_wconf 88' lang='lat' dir='ltr'><strong>rationabilis</strong></span> <span class='ocrx_word' id='word_1_148' title='bbox 387 2348 495 2412; x_wconf 88' lang='lat' dir='ltr'><strong>traditi</strong></span> <span class='ocrx_word' id='word_1_149' title='bbox 525 2348 618 2414; x_wconf 88' lang='lat' dir='ltr'><strong>uobis</strong></span> <span class='ocrx_word' id='word_1_150' title='bbox 649 2348 744 2420; x_wconf 93' lang='lat' dir='ltr'><strong>onilis</strong></span> <span class='ocrx_word' id='word_1_151' title='bbox 774 2348 911 2431; x_wconf 90' lang='lat' dir='ltr'><strong>pertinet</strong></span> <span class='ocrx_word' id='word_1_152' title='bbox 943 2349 1087 2426; x_wconf 88' lang='lat' dir='ltr'><strong>salutem,</strong></span> <span class='ocrx_word' id='word_1_153' title='bbox 1119 2348 1290 2432; x_wconf 85' lang='lat' dir='ltr'><strong>peragatis,</strong></span> 
     </span>
     <span class='ocr_line' id='line_1_21' title="bbox 163 2451 1355 2538; baseline 0.003 -22"><span class='ocrx_word' id='word_1_154' title='bbox 163 2469 329 2517; x_wconf 89' lang='lat' dir='ltr'><strong>commune</strong></span> <span class='ocrx_word' id='word_1_155' title='bbox 364 2453 486 2518; x_wconf 89' lang='lat' dir='ltr'><strong>lucram</strong></span> <span class='ocrx_word' id='word_1_156' title='bbox 524 2454 748 2532; x_wconf 81' lang='lat' dir='ltr'><strong>existimantes,</strong></span> <span class='ocrx_word' id='word_1_157' title='bbox 786 2454 870 2538; x_wconf 90' lang='lat' dir='ltr'><strong>quod</strong></span> <span class='ocrx_word' id='word_1_158' title='bbox 902 2471 958 2537; x_wconf 89' lang='lat' dir='ltr'><strong>per</strong></span> <span class='ocrx_word' id='word_1_159' title='bbox 976 2451 977 2454; x_wconf 69' lang='grc'>’</span> <span class='ocrx_word' id='word_1_160' title='bbox 993 2474 1051 2521; x_wconf 92' lang='lat' dir='ltr'><strong>uos</strong></span> <span class='ocrx_word' id='word_1_161' title='bbox 1083 2457 1115 2521; x_wconf 88' lang='lat' dir='ltr'><strong>et</strong></span> <span class='ocrx_word' id='word_1_162' title='bbox 1146 2456 1290 2520; x_wconf 73' lang='lat' dir='ltr'><strong>nanuum</strong></span> <span class='ocrx_word' id='word_1_163' title='bbox 1307 2471 1355 2533; x_wconf 80' lang='lat' dir='ltr'><strong>ao¹</strong></span> 
     </span>
    </p>

    <p class='ocr_par' dir='ltr' id='par_1_4' title="bbox 77 2559 1288 2748">
     <span class='ocr_line' id='line_1_22' title="bbox 77 2559 1288 2652; baseline 0.004 -31"><span class='ocrx_word' id='word_1_164' title='bbox 77 2603 80 2611; x_wconf 79' lang='lat'><em>·</em></span> <span class='ocrx_word' id='word_1_165' title='bbox 128 2597 130 2600; x_wconf 56' lang='lat'>&gt;</span> <span class='ocrx_word' id='word_1_166' title='bbox 164 2575 346 2641; x_wconf 89' lang='lat' dir='ltr'><strong>germanum</strong></span> <span class='ocrx_word' id='word_1_167' title='bbox 373 2562 406 2622; x_wconf 90' lang='lat' dir='ltr'><strong>et</strong></span> <span class='ocrx_word' id='word_1_168' title='bbox 428 2560 750 2637; x_wconf 79' lang='lat' dir='ltr'><strong>comministratorem,</strong></span> <span class='ocrx_word' id='word_1_169' title='bbox 773 2561 917 2625; x_wconf 90' lang='lat' dir='ltr'><strong>nostram</strong></span> <span class='ocrx_word' id='word_1_170' title='bbox 940 2563 1054 2652; x_wconf 27' lang='lat' dir='ltr'><strong>antem,</strong></span> <span class='ocrx_word' id='word_1_171' title='bbox 1070 2559 1288 2626; x_wconf 86' lang='lat' dir='ltr'><strong>dominnmet</strong></span> 
     </span>
     <span class='ocr_line' id='line_1_23' title="bbox 161 2651 1285 2748; baseline 0.001 -20"><span class='ocrx_word' id='word_1_172' title='bbox 161 2651 379 2745; x_wconf 79' lang='lat' dir='ltr'><strong>patriarcham,</strong></span> <span class='ocrx_word' id='word_1_173' title='bbox 406 2682 515 2748; x_wconf 92' lang='lat' dir='ltr'><strong>pacem</strong></span> <span class='ocrx_word' id='word_1_174' title='bbox 543 2666 642 2745; x_wconf 85' lang='lat' dir='ltr'><strong>totins</strong></span> <span class='ocrx_word' id='word_1_175' title='bbox 670 2666 753 2732; x_wconf 88' lang='lat' dir='ltr'><strong>orbis</strong></span> <span class='ocrx_word' id='word_1_176' title='bbox 782 2665 986 2732; x_wconf 82' lang='lat' dir='ltr'><strong>ecclesiarum</strong></span> <span class='ocrx_word' id='word_1_177' title='bbox 1014 2683 1083 2731; x_wconf 85' lang='lat' dir='ltr'><strong>ease</strong></span> <span class='ocrx_word' id='word_1_178' title='bbox 1114 2664 1285 2748; x_wconf 82' lang='lat' dir='ltr'><strong>prouisam.</strong></span> 
     </span>
    </p>

    <p class='ocr_par' dir='ltr' id='par_1_5' title="bbox 118 2768 1363 3280">
     <span class='ocr_line' id='line_1_24' title="bbox 118 2768 1287 2854; baseline 0.003 -22"><span class='ocrx_word' id='word_1_179' title='bbox 118 2768 139 2832; x_wconf 84' lang='lat'><strong>9</strong></span> <span class='ocrx_word' id='word_1_180' title='bbox 163 2770 289 2836; x_wconf 76' lang='lat' dir='ltr'><strong>tratrem</strong></span> <span class='ocrx_word' id='word_1_181' title='bbox 318 2772 400 2836; x_wconf 90' lang='lat' dir='ltr'><strong>anim</strong></span> <span class='ocrx_word' id='word_1_182' title='bbox 428 2791 447 2836; x_wconf 92' lang='lat' dir='ltr'><strong>a</strong></span> <span class='ocrx_word' id='word_1_183' title='bbox 471 2771 565 2837; x_wconf 89' lang='lat' dir='ltr'><strong>fratre</strong></span> <span class='ocrx_word' id='word_1_184' title='bbox 593 2771 735 2837; x_wconf 89' lang='lat' dir='ltr'><strong>adiuuari</strong></span> <span class='ocrx_word' id='word_1_185' title='bbox 763 2772 947 2854; x_wconf 88' lang='lat' dir='ltr'><strong>spiritaliter</strong></span> <span class='ocrx_word' id='word_1_186' title='bbox 972 2770 1078 2837; x_wconf 86' lang='lat' dir='ltr'><strong>muros</strong></span> <span class='ocrx_word' id='word_1_187' title='bbox 1106 2789 1175 2837; x_wconf 86' lang='lat' dir='ltr'><strong>csse</strong></span> <span class='ocrx_word' id='word_1_188' title='bbox 1202 2771 1287 2836; x_wconf 85' lang='lat' dir='ltr'><strong>inex·</strong></span> 
     </span>
     <span class='ocr_line' id='line_1_25' title="bbox 150 2877 1360 2968; baseline 0.003 -28"><span class='ocrx_word' id='word_1_189' title='bbox 150 2877 347 2960; x_wconf 90' lang='lat' dir='ltr'><strong>pugnabiles</strong></span> <span class='ocrx_word' id='word_1_190' title='bbox 384 2881 416 2943; x_wconf 89' lang='lat' dir='ltr'><strong>et</strong></span> <span class='ocrx_word' id='word_1_191' title='bbox 451 2878 613 2944; x_wconf 82' lang='lat' dir='ltr'><strong>ciuitatem</strong></span> <span class='ocrx_word' id='word_1_192' title='bbox 646 2878 801 2944; x_wconf 89' lang='lat' dir='ltr'><strong>munitam</strong></span> <span class='ocrx_word' id='word_1_193' title='bbox 836 2897 872 2965; x_wconf 84' lang='lat' dir='ltr'><strong>ar</strong></span> <span class='ocrx_word' id='word_1_194' title='bbox 907 2877 1022 2968; x_wconf 78' lang='lat' dir='ltr'><strong>dinmis</strong></span> <span class='ocrx_word' id='word_1_195' title='bbox 1058 2880 1108 2946; x_wconf 85' lang='lat' dir='ltr'><strong>ast</strong></span> <span class='ocrx_word' id='word_1_196' title='bbox 1140 2877 1287 2960; x_wconf 85' lang='lat' dir='ltr'><strong>accipere</strong></span> <span class='ocrx_word' id='word_1_197' title='bbox 1357 2912 1360 2919; x_wconf 49' lang='lat'><strong><em>⁴</em></strong></span> 
     </span>
     <span class='ocr_line' id='line_1_26' title="bbox 161 2974 1333 3068; baseline 0.003 -22"><span class='ocrx_word' id='word_1_198' title='bbox 161 2982 335 3065; x_wconf 82' lang='lat' dir='ltr'><strong>seripturis.</strong></span> <span class='ocrx_word' id='word_1_199' title='bbox 359 3003 429 3049; x_wconf 92' lang='lat' dir='ltr'><strong>nam</strong></span> <span class='ocrx_word' id='word_1_200' title='bbox 448 2980 480 3050; x_wconf 87' lang='lat' dir='ltr'><strong>si</strong></span> <span class='ocrx_word' id='word_1_201' title='bbox 499 2984 624 3068; x_wconf 87' lang='lat' dir='ltr'><strong>qnidam</strong></span> <span class='ocrx_word' id='word_1_202' title='bbox 640 2984 917 3050; x_wconf 85' lang='lat' dir='ltr'><strong>intercessionibus</strong></span> <span class='ocrx_word' id='word_1_203' title='bbox 936 2987 1059 3049; x_wconf 84' lang='lat' dir='ltr'><strong>nestrae</strong></span> <span class='ocrx_word' id='word_1_204' title='bbox 1077 2974 1292 3053; x_wconf 60' lang='lat' dir='ltr'><strong>beatitudiuis*</strong></span> <span class='ocrx_word' id='word_1_205' title='bbox 1304 2997 1333 3038; x_wconf 77' lang='lat'><strong>²⁵</strong></span> 
     </span>
     <span class='ocr_line' id='line_1_27' title="bbox 160 3081 1363 3172; baseline 0 -20"><span class='ocrx_word' id='word_1_206' title='bbox 160 3089 313 3171; x_wconf 85' lang='lat' dir='ltr'><strong>generalia</strong></span> <span class='ocrx_word' id='word_1_207' title='bbox 340 3081 550 3172; x_wconf 89' lang='lat' dir='ltr'><strong>tranquillitas</strong></span> <span class='ocrx_word' id='word_1_208' title='bbox 578 3089 986 3156; x_wconf 80' lang='lat' dir='ltr'><strong>ecclesiiaorthodoxorum</strong></span> <span class='ocrx_word' id='word_1_209' title='bbox 1008 3081 1103 3153; x_wconf 81' lang='lat' dir='ltr'><strong>faerit</strong></span> <span class='ocrx_word' id='word_1_210' title='bbox 1123 3087 1284 3167; x_wconf 87' lang='lat' dir='ltr'><strong>redonata,</strong></span> <span class='ocrx_word' id='word_1_211' title='bbox 1311 3118 1313 3122; x_wconf 46' lang='lat'><em>⁴</em></span> <span class='ocrx_word' id='word_1_212' title='bbox 1356 3138 1363 3152; x_wconf 68' lang='grc'><strong>,</strong></span> 
     </span>
     <span class='ocr_line' id='line_1_28' title="bbox 158 3189 1284 3280; baseline 0.003 -22"><span class='ocrx_word' id='word_1_213' title='bbox 158 3193 260 3278; x_wconf 83' lang='lat' dir='ltr'><strong>gloria</strong></span> <span class='ocrx_word' id='word_1_214' title='bbox 288 3195 414 3276; x_wconf 87' lang='lat' dir='ltr'><strong>quidem</strong></span> <span class='ocrx_word' id='word_1_215' title='bbox 440 3195 471 3260; x_wconf 91' lang='lat' dir='ltr'><strong>in</strong></span> <span class='ocrx_word' id='word_1_216' title='bbox 501 3196 631 3262; x_wconf 84' lang='lat' dir='ltr'><strong>excelsis</strong></span> <span class='ocrx_word' id='word_1_217' title='bbox 659 3196 715 3261; x_wconf 88' lang='lat' dir='ltr'><strong>deo</strong></span> <span class='ocrx_word' id='word_1_218' title='bbox 740 3195 880 3261; x_wconf 93' lang='lat' dir='ltr'><strong>omnium</strong></span> <span class='ocrx_word' id='word_1_219' title='bbox 903 3193 1054 3260; x_wconf 88' lang='lat' dir='ltr'><strong>saluatori</strong></span> <span class='ocrx_word' id='word_1_220' title='bbox 1076 3212 1132 3280; x_wconf 88' lang='lat' dir='ltr'><strong>per</strong></span> <span class='ocrx_word' id='word_1_221' title='bbox 1152 3189 1284 3277; x_wconf 86' lang='lat' dir='ltr'><strong>angelos</strong></span> 
     </span>
    </p>
   </div>
   <div class='ocr_carea' id='block_1_3' title="bbox 143 3453 1283 3607">
    <p class='ocr_par' dir='ltr' id='par_1_6' title="bbox 143 3453 1283 3607">
     <span class='ocr_line' id='line_1_29' title="bbox 143 3453 1283 3524; baseline 0.004 -19"><span class='ocrx_word' id='word_1_222' title='bbox 143 3492 146 3496; x_wconf 59' lang='grc'><em>»</em></span> <span class='ocrx_word' id='word_1_223' title='bbox 247 3453 379 3507; x_wconf 83' lang='lat' dir='ltr'><strong>5Paalm.</strong></span> <span class='ocrx_word' id='word_1_224' title='bbox 396 3453 476 3518; x_wconf 82' lang='grc'><strong>48,4</strong></span> <span class='ocrx_word' id='word_1_225' title='bbox 529 3454 563 3508; x_wconf 88' lang='grc'><strong>12</strong></span> <span class='ocrx_word' id='word_1_226' title='bbox 581 3453 648 3508; x_wconf 76' lang='lat' dir='ltr'><strong>Tim.</strong></span> <span class='ocrx_word' id='word_1_227' title='bbox 665 3454 680 3508; x_wconf 96' lang='lat' dir='ltr'>I</span> <span class='ocrx_word' id='word_1_228' title='bbox 697 3455 758 3519; x_wconf 85' lang='lat'><strong>3,2</strong></span> <span class='ocrx_word' id='word_1_229' title='bbox 811 3455 845 3509; x_wconf 87' lang='grc'><strong>23</strong></span> <span class='ocrx_word' id='word_1_230' title='bbox 863 3455 941 3509; x_wconf 86' lang='lat' dir='ltr'><strong>Pron.</strong></span> <span class='ocrx_word' id='word_1_231' title='bbox 961 3455 1003 3520; x_wconf 88' lang='lat'><strong>18,</strong></span> <span class='ocrx_word' id='word_1_232' title='bbox 1024 3455 1056 3509; x_wconf 83' lang='grc'><strong>19</strong></span> <span class='ocrx_word' id='word_1_233' title='bbox 1115 3455 1149 3509; x_wconf 84' lang='grc'><strong>27</strong></span> <span class='ocrx_word' id='word_1_234' title='bbox 1168 3471 1227 3524; x_wconf 87' lang='lat' dir='ltr'><strong>sqq.</strong></span> <span class='ocrx_word' id='word_1_235' title='bbox 1248 3455 1283 3511; x_wconf 85' lang='lat' dir='ltr'><strong>cf.</strong></span> 
     </span>
     <span class='ocr_line' id='line_1_30' title="bbox 158 3537 350 3607; baseline 0 -12"><span class='ocrx_word' id='word_1_236' title='bbox 158 3540 266 3607; x_wconf 65' lang='lat' dir='ltr'><strong>Luat,</strong></span> <span class='ocrx_word' id='word_1_237' title='bbox 286 3542 319 3595; x_wconf 87' lang='grc'><strong>14</strong></span> <span class='ocrx_word' id='word_1_238' title='bbox 347 3537 350 3543; x_wconf 79' lang='grc'><em>’</em></span> 
     </span>
    </p>
   </div>
   <div class='ocr_carea' id='block_1_4' title="bbox 111 3681 1370 4180">
    <p class='ocr_par' dir='ltr' id='par_1_7' title="bbox 111 3681 1370 4180">
     <span class='ocr_line' id='line_1_31' title="bbox 177 3681 1285 3754; baseline 0.004 -18"><span class='ocrx_word' id='word_1_239' title='bbox 177 3683 210 3749; x_wconf 75' lang='grc' dir='ltr'><strong>Ι3</strong></span> <span class='ocrx_word' id='word_1_240' title='bbox 229 3682 363 3753; x_wconf 87' lang='lat' dir='ltr'><strong>sapientes</strong></span> <span class='ocrx_word' id='word_1_241' title='bbox 386 3683 418 3747; x_wconf 90' lang='lat' dir='ltr'><strong>V,</strong></span> <span class='ocrx_word' id='word_1_242' title='bbox 437 3699 504 3738; x_wconf 85' lang='lat' dir='ltr'><strong>corr.</strong></span> <span class='ocrx_word' id='word_1_243' title='bbox 523 3681 550 3734; x_wconf 76' lang='grc' dir='ltr'><strong>ο2</strong></span> <span class='ocrx_word' id='word_1_244' title='bbox 619 3682 731 3737; x_wconf 84' lang='lat' dir='ltr'><strong>honoste</strong></span> <span class='ocrx_word' id='word_1_245' title='bbox 754 3684 784 3748; x_wconf 88' lang='lat' dir='ltr'><strong>V,</strong></span> <span class='ocrx_word' id='word_1_246' title='bbox 803 3699 870 3740; x_wconf 79' lang='lat' dir='ltr'><strong>corr.</strong></span> <span class='ocrx_word' id='word_1_247' title='bbox 889 3702 907 3736; x_wconf 87' lang='grc' dir='ltr'><strong><em>α</em></strong></span> <span class='ocrx_word' id='word_1_248' title='bbox 959 3683 1118 3754; x_wconf 74' lang='lat' dir='ltr'><strong>dloqnatur</strong></span> <span class='ocrx_word' id='word_1_249' title='bbox 1137 3683 1201 3738; x_wconf 78' lang='lat' dir='ltr'><strong>(lar.</strong></span> <span class='ocrx_word' id='word_1_250' title='bbox 1220 3701 1285 3740; x_wconf 73' lang='lat' dir='ltr'><strong>cuna</strong></span> 
     </span>
     <span class='ocr_line' id='line_1_32' title="bbox 162 3768 1370 3842; baseline 0.004 -19"><span class='ocrx_word' id='word_1_251' title='bbox 162 3768 285 3840; x_wconf 70' lang='lat' dir='ltr'><strong>Vul&#39;putu</strong></span> <span class='ocrx_word' id='word_1_252' title='bbox 356 3770 441 3826; x_wconf 70' lang='lat' dir='ltr'><strong>thas</strong></span> <span class='ocrx_word' id='word_1_253' title='bbox 459 3791 486 3825; x_wconf 86' lang='lat' dir='ltr'><strong>o:</strong></span> <span class='ocrx_word' id='word_1_254' title='bbox 504 3772 554 3839; x_wconf 84' lang='lat' dir='ltr'><strong>bar</strong></span> <span class='ocrx_word' id='word_1_255' title='bbox 575 3770 602 3825; x_wconf 94' lang='lat' dir='ltr'><strong>V</strong></span> <span class='ocrx_word' id='word_1_256' title='bbox 678 3772 711 3826; x_wconf 89' lang='lat'><strong>18</strong></span> <span class='ocrx_word' id='word_1_257' title='bbox 730 3788 783 3841; x_wconf 91' lang='lat' dir='ltr'><strong>qna</strong></span> <span class='ocrx_word' id='word_1_258' title='bbox 804 3772 839 3826; x_wconf 88' lang='lat' dir='ltr'><strong>V:</strong></span> <span class='ocrx_word' id='word_1_259' title='bbox 858 3789 926 3842; x_wconf 87' lang='lat' dir='ltr'><strong>quae</strong></span> <span class='ocrx_word' id='word_1_260' title='bbox 947 3772 1009 3827; x_wconf 77' lang='lat' dir='ltr'><strong>Gar.</strong></span> <span class='ocrx_word' id='word_1_261' title='bbox 1098 3771 1370 3834; x_wconf 78' lang='lat' dir='ltr'><strong>Christianum·-</strong></span> 
     </span>
     <span class='ocr_line' id='line_1_33' title="bbox 154 3857 1284 3929; baseline 0.003 -16"><span class='ocrx_word' id='word_1_262' title='bbox 154 3857 226 3913; x_wconf 82' lang='lat' dir='ltr'><strong>Bar.</strong></span> <span class='ocrx_word' id='word_1_263' title='bbox 315 3860 350 3914; x_wconf 85' lang='grc'><strong>23</strong></span> <span class='ocrx_word' id='word_1_264' title='bbox 368 3859 478 3914; x_wconf 73' lang='lat' dir='ltr'><strong>fratrem</strong></span> <span class='ocrx_word' id='word_1_265' title='bbox 494 3860 604 3929; x_wconf 69' lang='lat' dir='ltr'><strong>acucbat:</strong></span> <span class='ocrx_word' id='word_1_266' title='bbox 620 3860 676 3914; x_wconf 66' lang='lat' dir='ltr'><strong>frat</strong></span> <span class='ocrx_word' id='word_1_267' title='bbox 700 3859 727 3914; x_wconf 90' lang='lat' dir='ltr'><strong>V</strong></span> <span class='ocrx_word' id='word_1_268' title='bbox 815 3861 922 3915; x_wconf 83' lang='lat' dir='ltr'><strong>adiutus</strong></span> <span class='ocrx_word' id='word_1_269' title='bbox 942 3861 1021 3916; x_wconf 74' lang='lat' dir='ltr'><strong>Toou</strong></span> <span class='ocrx_word' id='word_1_270' title='bbox 1114 3876 1203 3915; x_wconf 86' lang='lat' dir='ltr'><strong>muros</strong></span> <span class='ocrx_word' id='word_1_271' title='bbox 1221 3877 1284 3916; x_wconf 85' lang='lat' dir='ltr'><strong>esse</strong></span> 
     </span>
     <span class='ocr_line' id='line_1_34' title="bbox 111 3945 1285 4019; baseline 0.005 -20"><span class='ocrx_word' id='word_1_272' title='bbox 111 4007 113 4017; x_wconf 50' lang='lat'><strong>,</strong></span> <span class='ocrx_word' id='word_1_273' title='bbox 156 3945 376 4018; x_wconf 83' lang='lat' dir='ltr'><strong>inexpugnabiles</strong></span> <span class='ocrx_word' id='word_1_274' title='bbox 394 3949 503 4018; x_wconf 73' lang='lat' dir='ltr'><strong>empsit</strong></span> <span class='ocrx_word' id='word_1_275' title='bbox 525 3961 616 4003; x_wconf 86' lang='lat' dir='ltr'><strong>murus</strong></span> <span class='ocrx_word' id='word_1_276' title='bbox 635 3952 677 4002; x_wconf 87' lang='lat' dir='ltr'><strong>est</strong></span> <span class='ocrx_word' id='word_1_277' title='bbox 693 3949 904 4019; x_wconf 82' lang='lat' dir='ltr'><strong>inexpugnabilis</strong></span> <span class='ocrx_word' id='word_1_278' title='bbox 927 3949 954 4004; x_wconf 95' lang='lat' dir='ltr'><strong>V</strong></span> <span class='ocrx_word' id='word_1_279' title='bbox 1008 3950 1044 4004; x_wconf 87' lang='grc'><strong>24</strong></span> <span class='ocrx_word' id='word_1_280' title='bbox 1061 3949 1158 4004; x_wconf 81' lang='lat' dir='ltr'><strong>ciuitas</strong></span> <span class='ocrx_word' id='word_1_281' title='bbox 1175 3950 1285 4005; x_wconf 85' lang='lat' dir='ltr'><strong>munita</strong></span> 
     </span>
     <span class='ocr_line' id='line_1_35' title="bbox 158 4032 1284 4108; baseline 0.004 -19"><span class='ocrx_word' id='word_1_282' title='bbox 158 4032 223 4092; x_wconf 81' lang='lat' dir='ltr'><strong>Car.</strong></span> <span class='ocrx_word' id='word_1_283' title='bbox 259 4037 294 4092; x_wconf 84' lang='grc'><strong>25</strong></span> <span class='ocrx_word' id='word_1_284' title='bbox 313 4036 420 4107; x_wconf 81' lang='lat' dir='ltr'><strong>quidem</strong></span> <span class='ocrx_word' id='word_1_285' title='bbox 438 4038 536 4106; x_wconf 77' lang='lat' dir='ltr'><strong>scripsi</strong></span> <span class='ocrx_word' id='word_1_286' title='bbox 541 4056 550 4091; x_wconf 93' lang='grc'><strong>.·</strong></span> <span class='ocrx_word' id='word_1_287' title='bbox 568 4033 640 4107; x_wconf 78' lang='lat' dir='ltr'><strong>qbod</strong></span> <span class='ocrx_word' id='word_1_288' title='bbox 657 4037 689 4103; x_wconf 92' lang='lat' dir='ltr'><strong>V,</strong></span> <span class='ocrx_word' id='word_1_289' title='bbox 702 4054 756 4107; x_wconf 87' lang='lat' dir='ltr'><strong>qua</strong></span> <span class='ocrx_word' id='word_1_290' title='bbox 768 4037 802 4102; x_wconf 83' lang='lat'><strong>0²,</strong></span> <span class='ocrx_word' id='word_1_291' title='bbox 818 4054 885 4108; x_wconf 87' lang='lat' dir='ltr'><strong>quae</strong></span> <span class='ocrx_word' id='word_1_292' title='bbox 901 4038 973 4102; x_wconf 80' lang='lat' dir='ltr'><strong>Gna,</strong></span> <span class='ocrx_word' id='word_1_293' title='bbox 987 4054 1037 4094; x_wconf 81' lang='lat' dir='ltr'><strong>ona.</strong></span> <span class='ocrx_word' id='word_1_294' title='bbox 1050 4038 1121 4092; x_wconf 84' lang='lat' dir='ltr'><strong>Bar.</strong></span> <span class='ocrx_word' id='word_1_295' title='bbox 1158 4038 1192 4094; x_wconf 82' lang='grc'><strong>26</strong></span> <span class='ocrx_word' id='word_1_296' title='bbox 1207 4043 1284 4094; x_wconf 87' lang='lat' dir='ltr'><strong>orto-</strong></span> 
     </span>
     <span class='ocr_line' id='line_1_36' title="bbox 151 4122 571 4180; baseline 0.005 -2"><span class='ocrx_word' id='word_1_297' title='bbox 151 4122 284 4179; x_wconf 85' lang='lat' dir='ltr'><strong>doxorum</strong></span> <span class='ocrx_word' id='word_1_298' title='bbox 304 4125 332 4180; x_wconf 89' lang='lat' dir='ltr'><strong>V</strong></span> <span class='ocrx_word' id='word_1_299' title='bbox 454 4135 456 4138; x_wconf 54' lang='lat'><strong>⁴</strong></span> <span class='ocrx_word' id='word_1_300' title='bbox 568 4133 571 4138; x_wconf 84' lang='lat'>&#39;</span> 
     </span>
    </p>
   </div>
   <div class='ocr_carea' id='block_1_5' title="bbox 0 0 1452 4634">
    <p class='ocr_par' dir='ltr' id='par_1_8' title="bbox 0 0 1452 4634">
     <span class='ocr_line' id='line_1_37' title="bbox 0 0 1452 4634; baseline 0 3"><span class='ocrx_word' id='word_1_301' title='bbox 0 0 1452 4634; x_wconf 95' lang='lat' dir='ltr'><strong> </strong></span> 
     </span>
    </p>
   </div>
  </div>
 </body>
</html>
