<?xml version="1.0" encoding="UTF-8"?>
<!DOCTYPE html PUBLIC "-//W3C//DTD XHTML 1.0 Transitional//EN"
    "http://www.w3.org/TR/xhtml1/DTD/xhtml1-transitional.dtd">
<html xmlns="http://www.w3.org/1999/xhtml" xml:lang="en" lang="en">
 <head>
  <title>
</title>
<meta http-equiv="Content-Type" content="text/html;charset=utf-8" />
  <meta name='ocr-system' content='tesseract 3.04.00' />
  <meta name='ocr-capabilities' content='ocr_page ocr_carea ocr_par ocr_line ocrx_word'/>
</head>
<body>
  <div class='ocr_page' id='page_1' title='image "./epistulaeimpera00gngoog_0259.png"; bbox 0 0 2864 4620; ppageno 0'>
   <div class='ocr_carea' id='block_1_1' title="bbox 167 237 896 331">
    <p class='ocr_par' dir='ltr' id='par_1_1' title="bbox 167 237 896 331">
     <span class='ocr_line' id='line_1_1' title="bbox 167 237 896 331; baseline -0.022 0"><span class='ocrx_word' id='word_1_1' title='bbox 167 237 229 331; x_wconf 32' lang='lat'>7⁵42</span> <span class='ocrx_word' id='word_1_2' title='bbox 557 263 721 319; x_wconf 81' lang='lat' dir='ltr'>lastinianus</span> <span class='ocrx_word' id='word_1_3' title='bbox 740 261 896 317; x_wconf 85' lang='lat' dir='ltr'>Hormisdae</span> 
     </span>
    </p>
   </div>
   <div class='ocr_carea' id='block_1_2' title="bbox 45 453 1355 2963">
    <p class='ocr_par' dir='ltr' id='par_1_2' title="bbox 45 453 1355 2963">
     <span class='ocr_line' id='line_1_2' title="bbox 166 453 1286 548; baseline -0.001 -27"><span class='ocrx_word' id='word_1_4' title='bbox 166 457 308 540; x_wconf 86' lang='lat' dir='ltr'>amabilis</span> <span class='ocrx_word' id='word_1_5' title='bbox 349 456 405 548; x_wconf 86' lang='lat' dir='ltr'>deo</span> <span class='ocrx_word' id='word_1_6' title='bbox 448 456 662 542; x_wconf 86' lang='lat' dir='ltr'>episcopatum</span> <span class='ocrx_word' id='word_1_7' title='bbox 697 457 886 521; x_wconf 79' lang='lat' dir='ltr'><strong>memoratae</strong></span> <span class='ocrx_word' id='word_1_8' title='bbox 920 453 1031 518; x_wconf 88' lang='lat' dir='ltr'>babuit</span> <span class='ocrx_word' id='word_1_9' title='bbox 1067 453 1218 532; x_wconf 84' lang='lat' dir='ltr'>ciuitatis,</span> <span class='ocrx_word' id='word_1_10' title='bbox 1255 457 1286 520; x_wconf 88' lang='lat' dir='ltr'>et</span> 
     </span>
     <span class='ocr_line' id='line_1_3' title="bbox 165 559 1287 646; baseline -0.002 -19"><span class='ocrx_word' id='word_1_11' title='bbox 165 563 274 629; x_wconf 72' lang='lat' dir='ltr'>miultis</span> <span class='ocrx_word' id='word_1_12' title='bbox 316 563 401 628; x_wconf 86' lang='lat' dir='ltr'>urbis</span> <span class='ocrx_word' id='word_1_13' title='bbox 441 559 542 646; x_wconf 92' lang='lat' dir='ltr'>ipsius</span> <span class='ocrx_word' id='word_1_14' title='bbox 573 562 795 639; x_wconf 74' lang='lat' dir='ltr'>habitatorum,</span> <span class='ocrx_word' id='word_1_15' title='bbox 828 561 912 625; x_wconf 90' lang='lat' dir='ltr'>sicut</span> <span class='ocrx_word' id='word_1_16' title='bbox 946 560 1089 646; x_wconf 79' lang='lat' dir='ltr'>dixerunt</span> <span class='ocrx_word' id='word_1_17' title='bbox 1123 561 1231 643; x_wconf 82' lang='lat' dir='ltr'>aliqui,</span> <span class='ocrx_word' id='word_1_18' title='bbox 1268 580 1287 625; x_wconf 91' lang='lat' dir='ltr'>a</span> 
     </span>
     <span class='ocr_line' id='line_1_4' title="bbox 155 665 1286 759; baseline -0.003 -24"><span class='ocrx_word' id='word_1_19' title='bbox 155 669 318 735; x_wconf 81' lang='lat' dir='ltr'>&#39;catholica</span> <span class='ocrx_word' id='word_1_20' title='bbox 340 668 471 734; x_wconf 89' lang='lat' dir='ltr'>ecclesia</span> <span class='ocrx_word' id='word_1_21' title='bbox 489 686 558 759; x_wconf 82' lang='lat' dir='ltr'>sese</span> <span class='ocrx_word' id='word_1_22' title='bbox 577 667 791 752; x_wconf 80' lang='lat' dir='ltr'>separantibus</span> <span class='ocrx_word' id='word_1_23' title='bbox 811 668 842 730; x_wconf 92' lang='lat' dir='ltr'>et</span> <span class='ocrx_word' id='word_1_24' title='bbox 860 666 1002 731; x_wconf 85' lang='lat' dir='ltr'>assiduas</span> <span class='ocrx_word' id='word_1_25' title='bbox 1020 665 1286 749; x_wconf 79' lang='lat' dir='ltr'>interpellationes</span> 
     </span>
     <span class='ocr_line' id='line_1_5' title="bbox 165 759 1287 857; baseline -0.002 -19"><span class='ocrx_word' id='word_1_26' title='bbox 165 774 424 857; x_wconf 89' lang='lat' dir='ltr'>tranquillissimo</span> <span class='ocrx_word' id='word_1_27' title='bbox 453 776 485 838; x_wconf 90' lang='lat' dir='ltr'>et</span> <span class='ocrx_word' id='word_1_28' title='bbox 510 772 694 841; x_wconf 87' lang='lat' dir='ltr'>fidelissimo</span> <span class='ocrx_word' id='word_1_29' title='bbox 721 759 856 855; x_wconf 86' lang='lat' dir='ltr'>principi</span> <span class='ocrx_word' id='word_1_30' title='bbox 882 775 988 836; x_wconf 81' lang='lat' dir='ltr'>nostro</span> <span class='ocrx_word' id='word_1_31' title='bbox 1016 771 1231 855; x_wconf 82' lang='lat' dir='ltr'>ingerentibus</span> <span class='ocrx_word' id='word_1_32' title='bbox 1254 776 1287 836; x_wconf 91' lang='lat' dir='ltr'>et</span> 
     </span>
     <span class='ocr_line' id='line_1_6' title="bbox 166 877 1349 962; baseline 0 -17"><span class='ocrx_word' id='word_1_33' title='bbox 166 899 283 957; x_wconf 89' lang='lat' dir='ltr'>eorum,</span> <span class='ocrx_word' id='word_1_34' title='bbox 328 898 407 962; x_wconf 90' lang='lat' dir='ltr'>quae</span> <span class='ocrx_word' id='word_1_35' title='bbox 450 879 482 943; x_wconf 88' lang='lat' dir='ltr'>in</span> <span class='ocrx_word' id='word_1_36' title='bbox 527 879 757 944; x_wconf 79' lang='lat' dir='ltr'>accusationem</span> <span class='ocrx_word' id='word_1_37' title='bbox 802 877 1004 955; x_wconf 87' lang='lat' dir='ltr'>ducebantur,</span> <span class='ocrx_word' id='word_1_38' title='bbox 1049 877 1286 959; x_wconf 86' lang='lat' dir='ltr'>inquisitionem</span> <span class='ocrx_word' id='word_1_39' title='bbox 1314 892 1349 936; x_wconf 63' lang='grc' dir='ltr'>ὅ</span> 
     </span>
     <span class='ocr_line' id='line_1_7' title="bbox 166 981 1286 1070; baseline -0.003 -19"><span class='ocrx_word' id='word_1_40' title='bbox 166 985 414 1070; x_wconf 84' lang='lat' dir='ltr'>supplicantibus</span> <span class='ocrx_word' id='word_1_41' title='bbox 445 985 511 1050; x_wconf 89' lang='lat' dir='ltr'>fieri</span> <span class='ocrx_word' id='word_1_42' title='bbox 542 984 739 1050; x_wconf 86' lang='lat' dir='ltr'>manifestam</span> <span class='ocrx_word' id='word_1_43' title='bbox 771 981 864 1070; x_wconf 89' lang='lat' dir='ltr'>(quae</span> <span class='ocrx_word' id='word_1_44' title='bbox 896 983 1021 1066; x_wconf 84' lang='lat' dir='ltr'>quidem</span> <span class='ocrx_word' id='word_1_45' title='bbox 1052 983 1178 1048; x_wconf 89' lang='lat' dir='ltr'>initium</span> <span class='ocrx_word' id='word_1_46' title='bbox 1211 985 1286 1050; x_wconf 90' lang='lat' dir='ltr'>olim</span> 
     </span>
     <span class='ocr_line' id='line_1_8' title="bbox 167 1087 1285 1177; baseline -0.002 -20"><span class='ocrx_word' id='word_1_47' title='bbox 167 1095 377 1177; x_wconf 88' lang='lat' dir='ltr'>sumpserunt,</span> <span class='ocrx_word' id='word_1_48' title='bbox 397 1092 481 1156; x_wconf 89' lang='lat' dir='ltr'>sicut</span> <span class='ocrx_word' id='word_1_49' title='bbox 498 1110 555 1156; x_wconf 90' lang='lat' dir='ltr'>uec</span> <span class='ocrx_word' id='word_1_50' title='bbox 574 1087 709 1156; x_wconf 89' lang='lat' dir='ltr'>directos</span> <span class='ocrx_word' id='word_1_51' title='bbox 728 1109 747 1154; x_wconf 91' lang='lat' dir='ltr'>a</span> <span class='ocrx_word' id='word_1_52' title='bbox 764 1092 870 1154; x_wconf 87' lang='lat' dir='ltr'>uestra</span> <span class='ocrx_word' id='word_1_53' title='bbox 883 1089 1048 1155; x_wconf 82' lang='lat' dir='ltr'>sanctitate</span> <span class='ocrx_word' id='word_1_54' title='bbox 1062 1089 1119 1155; x_wconf 87' lang='lat' dir='ltr'>deo</span> <span class='ocrx_word' id='word_1_55' title='bbox 1135 1091 1285 1156; x_wconf 87' lang='lat' dir='ltr'>amabiles</span> 
     </span>
     <span class='ocr_line' id='line_1_9' title="bbox 165 1195 1285 1283; baseline 0 -21"><span class='ocrx_word' id='word_1_56' title='bbox 165 1198 286 1283; x_wconf 89' lang='lat' dir='ltr'>legatos</span> <span class='ocrx_word' id='word_1_57' title='bbox 317 1198 421 1274; x_wconf 87' lang='lat' dir='ltr'>latuit,</span> <span class='ocrx_word' id='word_1_58' title='bbox 454 1217 526 1269; x_wconf 87' lang='lat' dir='ltr'>curn</span> <span class='ocrx_word' id='word_1_59' title='bbox 555 1197 588 1261; x_wconf 92' lang='lat' dir='ltr'>in</span> <span class='ocrx_word' id='word_1_60' title='bbox 619 1197 705 1280; x_wconf 88' lang='lat' dir='ltr'>regia</span> <span class='ocrx_word' id='word_1_61' title='bbox 737 1196 885 1282; x_wconf 85' lang='lat' dir='ltr'>degerent</span> <span class='ocrx_word' id='word_1_62' title='bbox 911 1195 1051 1273; x_wconf 89' lang='lat' dir='ltr'>ciuitate,</span> <span class='ocrx_word' id='word_1_63' title='bbox 1080 1201 1285 1281; x_wconf 87' lang='lat' dir='ltr'>agnoscentes</span> 
     </span>
     <span class='ocr_line' id='line_1_10' title="bbox 121 1295 1285 1390; baseline 0.002 -24"><span class='ocrx_word' id='word_1_64' title='bbox 121 1301 142 1366; x_wconf 84' lang='lat'><strong>3</strong></span> <span class='ocrx_word' id='word_1_65' title='bbox 166 1295 264 1387; x_wconf 86' lang='lat' dir='ltr'>super</span> <span class='ocrx_word' id='word_1_66' title='bbox 276 1305 326 1368; x_wconf 90' lang='lat' dir='ltr'>bis</span> <span class='ocrx_word' id='word_1_67' title='bbox 346 1301 479 1390; x_wconf 89' lang='lat' dir='ltr'>omnia):</span> <span class='ocrx_word' id='word_1_68' title='bbox 503 1305 693 1368; x_wconf 87' lang='lat' dir='ltr'>memoratus</span> <span class='ocrx_word' id='word_1_69' title='bbox 713 1321 786 1387; x_wconf 89' lang='lat' dir='ltr'>ergo</span> <span class='ocrx_word' id='word_1_70' title='bbox 810 1301 952 1367; x_wconf 86' lang='lat' dir='ltr'>amabilis</span> <span class='ocrx_word' id='word_1_71' title='bbox 976 1301 1033 1367; x_wconf 87' lang='lat' dir='ltr'>deo</span> <span class='ocrx_word' id='word_1_72' title='bbox 1053 1301 1172 1367; x_wconf 87' lang='lat' dir='ltr'>Paulus</span> <span class='ocrx_word' id='word_1_73' title='bbox 1194 1304 1285 1385; x_wconf 79' lang='lat' dir='ltr'>procl·</span> 
     </span>
     <span class='ocr_line' id='line_1_11' title="bbox 166 1407 1338 1493; baseline -0.001 -18"><span class='ocrx_word' id='word_1_74' title='bbox 166 1429 235 1475; x_wconf 88' lang='lat' dir='ltr'>esse</span> <span class='ocrx_word' id='word_1_75' title='bbox 272 1409 333 1475; x_wconf 90' lang='lat' dir='ltr'>sibi</span> <span class='ocrx_word' id='word_1_76' title='bbox 367 1411 427 1474; x_wconf 93' lang='lat' dir='ltr'>boc</span> <span class='ocrx_word' id='word_1_77' title='bbox 463 1409 643 1474; x_wconf 85' lang='lat' dir='ltr'>existimans</span> <span class='ocrx_word' id='word_1_78' title='bbox 674 1427 729 1493; x_wconf 89' lang='lat' dir='ltr'>per</span> <span class='ocrx_word' id='word_1_79' title='bbox 758 1408 883 1473; x_wconf 87' lang='lat' dir='ltr'>libellos</span> <span class='ocrx_word' id='word_1_80' title='bbox 924 1407 1064 1491; x_wconf 87' lang='lat' dir='ltr'>proprios</span> <span class='ocrx_word' id='word_1_81' title='bbox 1106 1407 1285 1492; x_wconf 82' lang='lat' dir='ltr'>designatae</span> <span class='ocrx_word' id='word_1_82' title='bbox 1302 1425 1338 1468; x_wconf 80' lang='grc' dir='ltr'>ιο</span> 
     </span>
     <span class='ocr_line' id='line_1_12' title="bbox 166 1513 1285 1598; baseline -0.002 -18"><span class='ocrx_word' id='word_1_83' title='bbox 166 1515 305 1580; x_wconf 83' lang='lat' dir='ltr'>ciuitatis</span> <span class='ocrx_word' id='word_1_84' title='bbox 342 1514 548 1580; x_wconf 88' lang='lat' dir='ltr'>desertionem</span> <span class='ocrx_word' id='word_1_85' title='bbox 585 1517 617 1579; x_wconf 92' lang='lat' dir='ltr'>et</span> <span class='ocrx_word' id='word_1_86' title='bbox 652 1514 851 1597; x_wconf 88' lang='lat' dir='ltr'>episcopatus</span> <span class='ocrx_word' id='word_1_87' title='bbox 886 1513 983 1598; x_wconf 89' lang='lat' dir='ltr'>elegit</span> <span class='ocrx_word' id='word_1_88' title='bbox 1014 1516 1047 1577; x_wconf 92' lang='lat' dir='ltr'>et</span> <span class='ocrx_word' id='word_1_89' title='bbox 1076 1513 1285 1579; x_wconf 86' lang='lat' dir='ltr'>uniuersalem</span> 
     </span>
     <span class='ocr_line' id='line_1_13' title="bbox 166 1607 1284 1704; baseline 0 -19"><span class='ocrx_word' id='word_1_90' title='bbox 166 1621 301 1704; x_wconf 88' lang='lat' dir='ltr'>quietem</span> <span class='ocrx_word' id='word_1_91' title='bbox 329 1624 363 1686; x_wconf 87' lang='lat' dir='ltr'>et</span> <span class='ocrx_word' id='word_1_92' title='bbox 388 1631 446 1693; x_wconf 79' lang='lat' dir='ltr'>(a)</span> <span class='ocrx_word' id='word_1_93' title='bbox 473 1620 577 1685; x_wconf 88' lang='lat' dir='ltr'>causis</span> <span class='ocrx_word' id='word_1_94' title='bbox 605 1607 822 1686; x_wconf 86' lang='lat' dir='ltr'>alienationem</span> <span class='ocrx_word' id='word_1_95' title='bbox 850 1639 884 1684; x_wconf 91' lang='lat' dir='ltr'>se</span> <span class='ocrx_word' id='word_1_96' title='bbox 910 1620 1064 1702; x_wconf 83' lang='lat' dir='ltr'>praeferre</span> <span class='ocrx_word' id='word_1_97' title='bbox 1086 1621 1284 1685; x_wconf 88' lang='lat' dir='ltr'>monstrauit.</span> 
     </span>
     <span class='ocr_line' id='line_1_14' title="bbox 68 1724 1287 1810; baseline -0.001 -18"><span class='ocrx_word' id='word_1_98' title='bbox 68 1725 71 1729; x_wconf 81' lang='grc'><strong><em>’</em></strong></span> <span class='ocrx_word' id='word_1_99' title='bbox 160 1737 245 1810; x_wconf 74' lang='lat' dir='ltr'>quae</span> <span class='ocrx_word' id='word_1_100' title='bbox 269 1727 372 1792; x_wconf 89' lang='lat' dir='ltr'>omnia</span> <span class='ocrx_word' id='word_1_101' title='bbox 395 1729 427 1792; x_wconf 89' lang='lat' dir='ltr'>et</span> <span class='ocrx_word' id='word_1_102' title='bbox 444 1726 610 1792; x_wconf 88' lang='lat' dir='ltr'>amabilem</span> <span class='ocrx_word' id='word_1_103' title='bbox 628 1724 752 1792; x_wconf 83' lang='lat' dir='ltr'>Obristo</span> <span class='ocrx_word' id='word_1_104' title='bbox 770 1726 943 1809; x_wconf 90' lang='lat' dir='ltr'>principem</span> <span class='ocrx_word' id='word_1_105' title='bbox 961 1728 1102 1791; x_wconf 90' lang='lat' dir='ltr'>nostrum</span> <span class='ocrx_word' id='word_1_106' title='bbox 1121 1725 1287 1807; x_wconf 84' lang='lat' dir='ltr'>manifesta</span> 
     </span>
     <span class='ocr_line' id='line_1_15' title="bbox 122 1831 1285 1898; baseline -0.003 0"><span class='ocrx_word' id='word_1_107' title='bbox 122 1836 143 1898; x_wconf 85' lang='lat'>4</span> <span class='ocrx_word' id='word_1_108' title='bbox 166 1832 358 1898; x_wconf 89' lang='lat' dir='ltr'>reuerentiae</span> <span class='ocrx_word' id='word_1_109' title='bbox 386 1834 509 1896; x_wconf 85' lang='lat' dir='ltr'>uestrae</span> <span class='ocrx_word' id='word_1_110' title='bbox 531 1831 645 1896; x_wconf 88' lang='lat' dir='ltr'>fecisse</span> <span class='ocrx_word' id='word_1_111' title='bbox 667 1832 822 1897; x_wconf 89' lang='lat' dir='ltr'>nouimus.</span> <span class='ocrx_word' id='word_1_112' title='bbox 846 1831 900 1896; x_wconf 90' lang='lat' dir='ltr'>sed</span> <span class='ocrx_word' id='word_1_113' title='bbox 922 1850 1004 1896; x_wconf 87' lang='lat' dir='ltr'>nunc</span> <span class='ocrx_word' id='word_1_114' title='bbox 1028 1831 1173 1896; x_wconf 92' lang='lat' dir='ltr'>omnibus</span> <span class='ocrx_word' id='word_1_115' title='bbox 1197 1831 1285 1897; x_wconf 86' lang='lat' dir='ltr'>nobis</span> 
     </span>
     <span class='ocr_line' id='line_1_16' title="bbox 165 1920 1323 2021; baseline -0.004 -19"><span class='ocrx_word' id='word_1_116' title='bbox 165 1920 335 2021; x_wconf 85' lang='lat' dir='ltr'>pretiosius</span> <span class='ocrx_word' id='word_1_117' title='bbox 373 1940 406 2002; x_wconf 88' lang='lat' dir='ltr'>et</span> <span class='ocrx_word' id='word_1_118' title='bbox 440 1937 478 2002; x_wconf 78' lang='lat' dir='ltr'>cle</span> <span class='ocrx_word' id='word_1_119' title='bbox 514 1955 575 2021; x_wconf 88' lang='lat' dir='ltr'>quo</span> <span class='ocrx_word' id='word_1_120' title='bbox 611 1937 743 2003; x_wconf 83' lang='lat' dir='ltr'>maxime</span> <span class='ocrx_word' id='word_1_121' title='bbox 779 1938 925 2003; x_wconf 90' lang='lat' dir='ltr'>noctibus</span> <span class='ocrx_word' id='word_1_122' title='bbox 962 1940 994 2002; x_wconf 89' lang='lat' dir='ltr'>et</span> <span class='ocrx_word' id='word_1_123' title='bbox 1028 1937 1138 2005; x_wconf 87' lang='lat' dir='ltr'>diebus</span> <span class='ocrx_word' id='word_1_124' title='bbox 1169 1927 1323 2002; x_wconf 71' lang='lat' dir='ltr'>bonumir</span> 
     </span>
     <span class='ocr_line' id='line_1_17' title="bbox 166 2042 1287 2126; baseline 0.003 -18"><span class='ocrx_word' id='word_1_125' title='bbox 166 2043 309 2108; x_wconf 92' lang='lat' dir='ltr'>nuntium</span> <span class='ocrx_word' id='word_1_126' title='bbox 329 2043 367 2107; x_wconf 87' lang='lat' dir='ltr'>de</span> <span class='ocrx_word' id='word_1_127' title='bbox 385 2042 435 2107; x_wconf 89' lang='lat' dir='ltr'>bis</span> <span class='ocrx_word' id='word_1_128' title='bbox 454 2042 508 2124; x_wconf 88' lang='lat' dir='ltr'>qui</span> <span class='ocrx_word' id='word_1_129' title='bbox 526 2045 548 2126; x_wconf 92' lang='lat'>†</span> <span class='ocrx_word' id='word_1_130' title='bbox 566 2042 780 2108; x_wconf 90' lang='lat' dir='ltr'>amantissimo</span> <span class='ocrx_word' id='word_1_131' title='bbox 799 2042 938 2126; x_wconf 88' lang='lat' dir='ltr'>principe</span> <span class='ocrx_word' id='word_1_132' title='bbox 957 2046 989 2108; x_wconf 89' lang='lat' dir='ltr'>et</span> <span class='ocrx_word' id='word_1_133' title='bbox 1005 2063 1025 2107; x_wconf 88' lang='lat' dir='ltr'>a</span> <span class='ocrx_word' id='word_1_134' title='bbox 1042 2043 1132 2108; x_wconf 90' lang='lat' dir='ltr'>nobis</span> <span class='ocrx_word' id='word_1_135' title='bbox 1152 2042 1287 2111; x_wconf 73' lang='lat' dir='ltr'>directos</span> 
     </span>
     <span class='ocr_line' id='line_1_18' title="bbox 167 2147 1287 2238; baseline 0.001 -26"><span class='ocrx_word' id='word_1_136' title='bbox 167 2149 205 2230; x_wconf 83' lang='lat' dir='ltr'>ad</span> <span class='ocrx_word' id='word_1_137' title='bbox 228 2152 365 2214; x_wconf 90' lang='lat' dir='ltr'>uestram</span> <span class='ocrx_word' id='word_1_138' title='bbox 388 2147 613 2213; x_wconf 85' lang='lat' dir='ltr'>beatitudinem</span> <span class='ocrx_word' id='word_1_139' title='bbox 636 2147 694 2214; x_wconf 85' lang='lat' dir='ltr'>deo</span> <span class='ocrx_word' id='word_1_140' title='bbox 717 2148 867 2213; x_wconf 89' lang='lat' dir='ltr'>amabiles</span> <span class='ocrx_word' id='word_1_141' title='bbox 890 2149 1013 2231; x_wconf 88' lang='lat' dir='ltr'>legatos</span> <span class='ocrx_word' id='word_1_142' title='bbox 1035 2148 1136 2212; x_wconf 87' lang='lat' dir='ltr'>laetos</span> <span class='ocrx_word' id='word_1_143' title='bbox 1156 2149 1287 2238; x_wconf 88' lang='lat' dir='ltr'>amicam</span> 
     </span>
     <span class='ocr_line' id='line_1_19' title="bbox 168 2241 1287 2339; baseline -0.001 -20"><span class='ocrx_word' id='word_1_144' title='bbox 168 2254 224 2320; x_wconf 87' lang='lat' dir='ltr'>deo</span> <span class='ocrx_word' id='word_1_145' title='bbox 243 2273 352 2339; x_wconf 90' lang='lat' dir='ltr'>pacem</span> <span class='ocrx_word' id='word_1_146' title='bbox 371 2254 551 2319; x_wconf 88' lang='lat' dir='ltr'>nuntiantes</span> <span class='ocrx_word' id='word_1_147' title='bbox 571 2257 604 2318; x_wconf 92' lang='lat' dir='ltr'>et</span> <span class='ocrx_word' id='word_1_148' title='bbox 621 2253 704 2319; x_wconf 92' lang='lat' dir='ltr'>omni</span> <span class='ocrx_word' id='word_1_149' title='bbox 723 2253 954 2336; x_wconf 85' lang='lat' dir='ltr'>pulchritudine</span> <span class='ocrx_word' id='word_1_150' title='bbox 972 2253 1115 2319; x_wconf 87' lang='lat' dir='ltr'>decoram</span> <span class='ocrx_word' id='word_1_151' title='bbox 1135 2241 1287 2319; x_wconf 86' lang='lat' dir='ltr'>unitatem</span> 
     </span>
     <span class='ocr_line' id='line_1_20' title="bbox 168 2359 1287 2442; baseline -0.001 -17"><span class='ocrx_word' id='word_1_152' title='bbox 168 2363 343 2425; x_wconf 88' lang='lat' dir='ltr'>sanctarum</span> <span class='ocrx_word' id='word_1_153' title='bbox 363 2359 564 2424; x_wconf 87' lang='lat' dir='ltr'>ecclesiarum</span> <span class='ocrx_word' id='word_1_154' title='bbox 584 2359 800 2424; x_wconf 91' lang='lat' dir='ltr'>annuntiantes</span> <span class='ocrx_word' id='word_1_155' title='bbox 818 2378 912 2442; x_wconf 90' lang='lat' dir='ltr'>quam</span> <span class='ocrx_word' id='word_1_156' title='bbox 932 2359 994 2425; x_wconf 88' lang='lat' dir='ltr'>cito</span> <span class='ocrx_word' id='word_1_157' title='bbox 1009 2359 1047 2424; x_wconf 85' lang='lat' dir='ltr'>ad</span> <span class='ocrx_word' id='word_1_158' title='bbox 1061 2378 1118 2425; x_wconf 91' lang='lat' dir='ltr'>nos</span> <span class='ocrx_word' id='word_1_159' title='bbox 1132 2359 1287 2425; x_wconf 85' lang='lat' dir='ltr'>destinare</span> 
     </span>
     <span class='ocr_line' id='line_1_21' title="bbox 167 2464 1352 2552; baseline -0.004 -21"><span class='ocrx_word' id='word_1_160' title='bbox 167 2466 350 2552; x_wconf 83' lang='lat' dir='ltr'>dignamini,</span> <span class='ocrx_word' id='word_1_161' title='bbox 377 2470 415 2531; x_wconf 93' lang='lat' dir='ltr'>ut</span> <span class='ocrx_word' id='word_1_162' title='bbox 441 2464 612 2549; x_wconf 84' lang='lat' dir='ltr'>praesentis</span> <span class='ocrx_word' id='word_1_163' title='bbox 641 2478 763 2544; x_wconf 90' lang='lat' dir='ltr'>causae,</span> <span class='ocrx_word' id='word_1_164' title='bbox 791 2466 875 2530; x_wconf 89' lang='lat' dir='ltr'>sicut</span> <span class='ocrx_word' id='word_1_165' title='bbox 902 2484 994 2549; x_wconf 90' lang='lat' dir='ltr'>saepe</span> <span class='ocrx_word' id='word_1_166' title='bbox 1022 2465 1218 2550; x_wconf 89' lang='lat' dir='ltr'>scripsimus,</span> <span class='ocrx_word' id='word_1_167' title='bbox 1246 2467 1287 2532; x_wconf 90' lang='lat' dir='ltr'>sit</span> <span class='ocrx_word' id='word_1_168' title='bbox 1302 2485 1352 2551; x_wconf 24' lang='lat' dir='ltr'>ao·</span> 
     </span>
     <span class='ocr_line' id='line_1_22' title="bbox 168 2569 1330 2654; baseline 0 -16"><span class='ocrx_word' id='word_1_169' title='bbox 168 2574 305 2638; x_wconf 87' lang='lat' dir='ltr'>caeleste</span> <span class='ocrx_word' id='word_1_170' title='bbox 327 2574 450 2637; x_wconf 92' lang='lat' dir='ltr'>lucrum</span> <span class='ocrx_word' id='word_1_171' title='bbox 464 2572 533 2647; x_wconf 87' lang='lat' dir='ltr'>bis,</span> <span class='ocrx_word' id='word_1_172' title='bbox 558 2571 665 2654; x_wconf 90' lang='lat' dir='ltr'>quiin</span> <span class='ocrx_word' id='word_1_173' title='bbox 689 2572 847 2637; x_wconf 86' lang='lat' dir='ltr'>celeritate</span> <span class='ocrx_word' id='word_1_174' title='bbox 870 2574 945 2637; x_wconf 89' lang='lat' dir='ltr'>sunt</span> <span class='ocrx_word' id='word_1_175' title='bbox 965 2571 1064 2636; x_wconf 87' lang='lat' dir='ltr'>bonae</span> <span class='ocrx_word' id='word_1_176' title='bbox 1087 2572 1287 2638; x_wconf 80' lang='lat' dir='ltr'>correctionis</span> <span class='ocrx_word' id='word_1_177' title='bbox 1326 2569 1330 2572; x_wconf 73' lang='grc'><strong>’</strong></span> 
     </span>
     <span class='ocr_line' id='line_1_23' title="bbox 125 2666 1355 2760; baseline -0.002 -16"><span class='ocrx_word' id='word_1_178' title='bbox 125 2682 144 2744; x_wconf 84' lang='lat'>5</span> <span class='ocrx_word' id='word_1_179' title='bbox 169 2682 323 2757; x_wconf 86' lang='lat' dir='ltr'>auctores,</span> <span class='ocrx_word' id='word_1_180' title='bbox 350 2679 531 2745; x_wconf 85' lang='lat' dir='ltr'>beatissime</span> <span class='ocrx_word' id='word_1_181' title='bbox 559 2681 591 2743; x_wconf 91' lang='lat' dir='ltr'>et</span> <span class='ocrx_word' id='word_1_182' title='bbox 618 2666 815 2744; x_wconf 88' lang='lat' dir='ltr'>sanctissime</span> <span class='ocrx_word' id='word_1_183' title='bbox 842 2678 945 2743; x_wconf 84' lang='lat' dir='ltr'>frater.</span> <span class='ocrx_word' id='word_1_184' title='bbox 974 2696 1108 2756; x_wconf 88' lang='lat' dir='ltr'>omnem,</span> <span class='ocrx_word' id='word_1_185' title='bbox 1138 2697 1217 2760; x_wconf 93' lang='lat' dir='ltr'>quae</span> <span class='ocrx_word' id='word_1_186' title='bbox 1241 2683 1289 2742; x_wconf 89' lang='lat' dir='ltr'>est</span> <span class='ocrx_word' id='word_1_187' title='bbox 1348 2696 1355 2715; x_wconf 77' lang='lat'><strong>²</strong></span> 
     </span>
     <span class='ocr_line' id='line_1_24' title="bbox 168 2782 1289 2867; baseline -0.001 -17"><span class='ocrx_word' id='word_1_188' title='bbox 168 2803 239 2850; x_wconf 90' lang='lat' dir='ltr'>cum</span> <span class='ocrx_word' id='word_1_189' title='bbox 271 2786 327 2848; x_wconf 89' lang='lat' dir='ltr'>tua</span> <span class='ocrx_word' id='word_1_190' title='bbox 357 2783 550 2855; x_wconf 84' lang='lat' dir='ltr'>beatitudine</span> <span class='ocrx_word' id='word_1_191' title='bbox 581 2783 613 2847; x_wconf 89' lang='lat' dir='ltr'>in</span> <span class='ocrx_word' id='word_1_192' title='bbox 647 2782 771 2849; x_wconf 83' lang='lat' dir='ltr'>Christo</span> <span class='ocrx_word' id='word_1_193' title='bbox 802 2783 988 2859; x_wconf 85' lang='lat' dir='ltr'>fraternitas,</span> <span class='ocrx_word' id='word_1_194' title='bbox 1021 2785 1053 2846; x_wconf 91' lang='lat' dir='ltr'>et</span> <span class='ocrx_word' id='word_1_195' title='bbox 1083 2801 1139 2846; x_wconf 92' lang='lat' dir='ltr'>uos</span> <span class='ocrx_word' id='word_1_196' title='bbox 1172 2786 1204 2848; x_wconf 91' lang='lat' dir='ltr'>et</span> <span class='ocrx_word' id='word_1_197' title='bbox 1235 2785 1289 2867; x_wconf 90' lang='lat' dir='ltr'>qui</span> 
     </span>
     <span class='ocr_line' id='line_1_25' title="bbox 45 2887 1318 2963; baseline 0.001 -10"><span class='ocrx_word' id='word_1_198' title='bbox 45 2960 46 2963; x_wconf 8' lang='grc' dir='ltr'><strong>Ἴ</strong></span> <span class='ocrx_word' id='word_1_199' title='bbox 166 2887 333 2961; x_wconf 90' lang='lat' dir='ltr'>nobiscum</span> <span class='ocrx_word' id='word_1_200' title='bbox 355 2892 431 2954; x_wconf 89' lang='lat' dir='ltr'>sunt</span> <span class='ocrx_word' id='word_1_201' title='bbox 452 2888 562 2954; x_wconf 73' lang='lat' dir='ltr'>miultis</span> <span class='ocrx_word' id='word_1_202' title='bbox 585 2889 758 2955; x_wconf 85' lang='lat' dir='ltr'>salutamus</span> <span class='ocrx_word' id='word_1_203' title='bbox 782 2889 881 2954; x_wconf 85' lang='lat' dir='ltr'>annis.</span> <span class='ocrx_word' id='word_1_204' title='bbox 1317 2911 1318 2914; x_wconf 44' lang='lat'>¹</span> 
     </span>
    </p>
   </div>
   <div class='ocr_carea' id='block_1_3' title="bbox 165 3075 1290 3675">
    <p class='ocr_par' dir='ltr' id='par_1_3' title="bbox 165 3075 1290 3675">
     <span class='ocr_line' id='line_1_26' title="bbox 202 3075 1289 3146; baseline -0.002 -16"><span class='ocrx_word' id='word_1_205' title='bbox 202 3076 219 3130; x_wconf 82' lang='lat'>2</span> <span class='ocrx_word' id='word_1_206' title='bbox 237 3077 555 3133; x_wconf 86' lang='lat' dir='ltr'>multis..habitatorum</span> <span class='ocrx_word' id='word_1_207' title='bbox 571 3077 681 3146; x_wconf 64' lang='lat' dir='ltr'>sampsi:</span> <span class='ocrx_word' id='word_1_208' title='bbox 699 3077 877 3132; x_wconf 87' lang='lat' dir='ltr'>multorum..</span> <span class='ocrx_word' id='word_1_209' title='bbox 895 3077 1078 3132; x_wconf 80' lang='lat' dir='ltr'>habitatorum</span> <span class='ocrx_word' id='word_1_210' title='bbox 1104 3075 1136 3139; x_wconf 85' lang='lat' dir='ltr'>V,</span> <span class='ocrx_word' id='word_1_211' title='bbox 1161 3076 1194 3130; x_wconf 79' lang='lat' dir='ltr'>id</span> <span class='ocrx_word' id='word_1_212' title='bbox 1207 3075 1289 3143; x_wconf 64' lang='lat' dir='ltr'>&#39;prod</span> 
     </span>
     <span class='ocr_line' id='line_1_27' title="bbox 165 3164 1290 3235; baseline -0.002 -16"><span class='ocrx_word' id='word_1_213' title='bbox 165 3167 216 3220; x_wconf 78' lang='lat' dir='ltr'>uia</span> <span class='ocrx_word' id='word_1_214' title='bbox 227 3170 295 3220; x_wconf 76' lang='lat' dir='ltr'>recte</span> <span class='ocrx_word' id='word_1_215' title='bbox 308 3165 427 3222; x_wconf 79' lang='lat' dir='ltr'>Tbialiua</span> <span class='ocrx_word' id='word_1_216' title='bbox 445 3166 541 3220; x_wconf 63' lang='lat' dir='ltr'>tribuit</span> <span class='ocrx_word' id='word_1_217' title='bbox 557 3165 697 3234; x_wconf 79' lang='lat' dir='ltr'>interpreti</span> <span class='ocrx_word' id='word_1_218' title='bbox 712 3166 830 3235; x_wconf 68' lang='lat' dir='ltr'>genetivi</span> <span class='ocrx_word' id='word_1_219' title='bbox 844 3166 963 3221; x_wconf 78' lang='lat' dir='ltr'>obsoleti</span> <span class='ocrx_word' id='word_1_220' title='bbox 973 3164 1072 3220; x_wconf 62' lang='lat' dir='ltr'>&amp;aeci</span> <span class='ocrx_word' id='word_1_221' title='bbox 1089 3165 1170 3218; x_wconf 75' lang='lat' dir='ltr'>nimis</span> <span class='ocrx_word' id='word_1_222' title='bbox 1188 3164 1290 3230; x_wconf 80' lang='lat' dir='ltr'>tenoci,·</span> 
     </span>
     <span class='ocr_line' id='line_1_28' title="bbox 168 3251 1287 3308; baseline -0.002 -2"><span class='ocrx_word' id='word_1_223' title='bbox 168 3253 260 3307; x_wconf 90' lang='lat' dir='ltr'>multis</span> <span class='ocrx_word' id='word_1_224' title='bbox 275 3295 281 3308; x_wconf 91' lang='lat'><strong>.</strong></span> <span class='ocrx_word' id='word_1_225' title='bbox 297 3252 510 3308; x_wconf 85' lang='lat' dir='ltr'>.habitatoribus</span> <span class='ocrx_word' id='word_1_226' title='bbox 525 3251 552 3305; x_wconf 76' lang='grc' dir='ltr'>ο2</span> <span class='ocrx_word' id='word_1_227' title='bbox 647 3253 663 3308; x_wconf 86' lang='grc'><strong>3</strong></span> <span class='ocrx_word' id='word_1_228' title='bbox 681 3269 739 3307; x_wconf 89' lang='lat' dir='ltr'>sese</span> <span class='ocrx_word' id='word_1_229' title='bbox 757 3251 796 3307; x_wconf 88' lang='lat'>0²:</span> <span class='ocrx_word' id='word_1_230' title='bbox 815 3270 873 3308; x_wconf 88' lang='lat' dir='ltr'>esse</span> <span class='ocrx_word' id='word_1_231' title='bbox 895 3252 922 3307; x_wconf 87' lang='lat' dir='ltr'><strong><em>V</em></strong></span> <span class='ocrx_word' id='word_1_232' title='bbox 1017 3254 1050 3307; x_wconf 80' lang='lat'>12</span> <span class='ocrx_word' id='word_1_233' title='bbox 1068 3268 1084 3306; x_wconf 89' lang='lat' dir='ltr'>a</span> <span class='ocrx_word' id='word_1_234' title='bbox 1102 3252 1182 3307; x_wconf 70' lang='lat' dir='ltr'>oddae</span> <span class='ocrx_word' id='word_1_235' title='bbox 1199 3251 1287 3306; x_wconf 81' lang='lat' dir='ltr'>Lato.</span> 
     </span>
     <span class='ocr_line' id='line_1_29' title="bbox 170 3339 1287 3411; baseline -0.002 -15"><span class='ocrx_word' id='word_1_236' title='bbox 170 3342 204 3396; x_wconf 80' lang='lat'>14</span> <span class='ocrx_word' id='word_1_237' title='bbox 215 3358 269 3410; x_wconf 73' lang='lat' dir='ltr'>sqq.</span> <span class='ocrx_word' id='word_1_238' title='bbox 289 3341 363 3396; x_wconf 79' lang='lat' dir='ltr'>lucrer</span> <span class='ocrx_word' id='word_1_239' title='bbox 379 3346 533 3409; x_wconf 56' lang='lat' dir='ltr'>comptus·</span> <span class='ocrx_word' id='word_1_240' title='bbox 551 3340 672 3394; x_wconf 84' lang='lat' dir='ltr'>omnibus</span> <span class='ocrx_word' id='word_1_241' title='bbox 689 3340 768 3394; x_wconf 88' lang='lat' dir='ltr'>bonis</span> <span class='ocrx_word' id='word_1_242' title='bbox 784 3341 926 3411; x_wconf 83' lang='lat' dir='ltr'>pretiosius</span> <span class='ocrx_word' id='word_1_243' title='bbox 941 3382 948 3395; x_wconf 94' lang='lat'><strong>.</strong></span> <span class='ocrx_word' id='word_1_244' title='bbox 963 3384 969 3398; x_wconf 92' lang='lat'><strong>.</strong></span> <span class='ocrx_word' id='word_1_245' title='bbox 984 3339 1077 3395; x_wconf 81' lang='lat' dir='ltr'>diebus</span> <span class='ocrx_word' id='word_1_246' title='bbox 1092 3339 1223 3408; x_wconf 90' lang='lat' dir='ltr'>&lt;solliciti</span> <span class='ocrx_word' id='word_1_247' title='bbox 1244 3357 1287 3394; x_wconf 89' lang='lat' dir='ltr'>su·</span> 
     </span>
     <span class='ocr_line' id='line_1_30' title="bbox 169 3427 1289 3499; baseline 0 -16"><span class='ocrx_word' id='word_1_248' title='bbox 169 3439 248 3499; x_wconf 86' lang='lat' dir='ltr'>mus&gt;</span> <span class='ocrx_word' id='word_1_249' title='bbox 262 3428 363 3482; x_wconf 93' lang='lat' dir='ltr'>bonum</span> <span class='ocrx_word' id='word_1_250' title='bbox 378 3428 501 3482; x_wconf 84' lang='lat' dir='ltr'>nuntium</span> <span class='ocrx_word' id='word_1_251' title='bbox 519 3427 589 3483; x_wconf 87' lang='lat' dir='ltr'>detis</span> <span class='ocrx_word' id='word_1_252' title='bbox 608 3431 689 3498; x_wconf 87' lang='lat' dir='ltr'>atque</span> <span class='ocrx_word' id='word_1_253' title='bbox 709 3428 786 3489; x_wconf 77' lang='lat' dir='ltr'>(ab)</span> <span class='ocrx_word' id='word_1_254' title='bbox 801 3429 1003 3484; x_wconf 88' lang='lat' dir='ltr'>amantissimo.</span> <span class='ocrx_word' id='word_1_255' title='bbox 1018 3471 1024 3482; x_wconf 92' lang='lat'><em>.</em></span> <span class='ocrx_word' id='word_1_256' title='bbox 1039 3427 1289 3498; x_wconf 65' lang='lat' dir='ltr'>digneminine‘ek</span> 
     </span>
     <span class='ocr_line' id='line_1_31' title="bbox 169 3515 1288 3586; baseline 0.002 -16"><span class='ocrx_word' id='word_1_257' title='bbox 169 3516 290 3570; x_wconf 87' lang='lat' dir='ltr'>omnibus</span> <span class='ocrx_word' id='word_1_258' title='bbox 312 3515 390 3570; x_wconf 90' lang='lat' dir='ltr'>nobis</span> <span class='ocrx_word' id='word_1_259' title='bbox 412 3516 555 3586; x_wconf 85' lang='lat' dir='ltr'>pretiosius</span> <span class='ocrx_word' id='word_1_260' title='bbox 577 3519 626 3581; x_wconf 88' lang='lat' dir='ltr'>est,</span> <span class='ocrx_word' id='word_1_261' title='bbox 650 3516 682 3570; x_wconf 87' lang='lat' dir='ltr'>de</span> <span class='ocrx_word' id='word_1_262' title='bbox 702 3533 754 3586; x_wconf 87' lang='lat' dir='ltr'>quo</span> <span class='ocrx_word' id='word_1_263' title='bbox 771 3518 883 3572; x_wconf 85' lang='lat' dir='ltr'>maxime</span> <span class='ocrx_word' id='word_1_264' title='bbox 900 3517 1024 3571; x_wconf 85' lang='lat' dir='ltr'>noctibus</span> <span class='ocrx_word' id='word_1_265' title='bbox 1043 3519 1071 3570; x_wconf 87' lang='lat' dir='ltr'>ct</span> <span class='ocrx_word' id='word_1_266' title='bbox 1089 3515 1182 3570; x_wconf 85' lang='lat' dir='ltr'>dicbus</span> <span class='ocrx_word' id='word_1_267' title='bbox 1202 3518 1288 3572; x_wconf 85' lang='lat' dir='ltr'>&lt;anxii</span> 
     </span>
     <span class='ocr_line' id='line_1_32' title="bbox 169 3603 1288 3675; baseline 0.001 -17"><span class='ocrx_word' id='word_1_268' title='bbox 169 3620 267 3668; x_wconf 88' lang='lat' dir='ltr'>sumus,</span> <span class='ocrx_word' id='word_1_269' title='bbox 286 3603 392 3658; x_wconf 89' lang='lat' dir='ltr'>audire&gt;</span> <span class='ocrx_word' id='word_1_270' title='bbox 415 3604 513 3658; x_wconf 85' lang='lat' dir='ltr'>bonum</span> <span class='ocrx_word' id='word_1_271' title='bbox 531 3604 655 3660; x_wconf 88' lang='lat' dir='ltr'>nuntium</span> <span class='ocrx_word' id='word_1_272' title='bbox 674 3604 712 3659; x_wconf 58' lang='lat' dir='ltr'>de&gt;</span> <span class='ocrx_word' id='word_1_273' title='bbox 724 3604 775 3659; x_wconf 51' lang='lat' dir='ltr'>his*</span> <span class='ocrx_word' id='word_1_274' title='bbox 790 3604 836 3675; x_wconf 85' lang='lat' dir='ltr'>qui</span> <span class='ocrx_word' id='word_1_275' title='bbox 852 3629 867 3656; x_wconf 65' lang='grc' dir='ltr'>ι</span> <span class='ocrx_word' id='word_1_276' title='bbox 880 3629 907 3659; x_wconf 71' lang='lat' dir='ltr'>e.</span> <span class='ocrx_word' id='word_1_277' title='bbox 926 3605 1022 3675; x_wconf 88' lang='lat' dir='ltr'>&lt;quare</span> <span class='ocrx_word' id='word_1_278' title='bbox 1041 3603 1088 3658; x_wconf 88' lang='lat' dir='ltr'>ab&gt;</span> <span class='ocrx_word' id='word_1_279' title='bbox 1107 3605 1288 3660; x_wconf 86' lang='lat' dir='ltr'>amantissimo</span> 
     </span>
    </p>
   </div>
   <div class='ocr_carea' id='block_1_4' title="bbox 168 3692 1311 3772">
    <p class='ocr_par' dir='ltr' id='par_1_4' title="bbox 168 3692 1311 3772">
     <span class='ocr_line' id='line_1_33' title="bbox 168 3692 1311 3772; baseline 0.001 -25"><span class='ocrx_word' id='word_1_280' title='bbox 168 3692 285 3759; x_wconf 67' lang='lat' dir='ltr'>Hcsrlal⁸</span> <span class='ocrx_word' id='word_1_281' title='bbox 335 3692 367 3747; x_wconf 79' lang='lat'>17</span> <span class='ocrx_word' id='word_1_282' title='bbox 384 3692 455 3747; x_wconf 86' lang='lat' dir='ltr'>letos</span> <span class='ocrx_word' id='word_1_283' title='bbox 477 3692 508 3758; x_wconf 86' lang='lat' dir='ltr'>V,</span> <span class='ocrx_word' id='word_1_284' title='bbox 528 3693 612 3750; x_wconf 79' lang='lat' dir='ltr'>delo</span> <span class='ocrx_word' id='word_1_285' title='bbox 654 3770 656 3772; x_wconf 12' lang='lat' dir='ltr'>v</span> <span class='ocrx_word' id='word_1_286' title='bbox 679 3693 712 3747; x_wconf 92' lang='lat'>18</span> <span class='ocrx_word' id='word_1_287' title='bbox 729 3694 817 3748; x_wconf 90' lang='lat' dir='ltr'>omnia</span> <span class='ocrx_word' id='word_1_288' title='bbox 834 3693 937 3764; x_wconf 89' lang='lat' dir='ltr'>pulchr.</span> <span class='ocrx_word' id='word_1_289' title='bbox 956 3693 1052 3748; x_wconf 85' lang='lat' dir='ltr'>decora</span> <span class='ocrx_word' id='word_1_290' title='bbox 1073 3693 1103 3758; x_wconf 83' lang='lat' dir='ltr'>V,</span> <span class='ocrx_word' id='word_1_291' title='bbox 1122 3708 1189 3747; x_wconf 85' lang='lat' dir='ltr'>corr.</span> <span class='ocrx_word' id='word_1_292' title='bbox 1212 3693 1289 3748; x_wconf 69' lang='lat' dir='ltr'>Ttsel</span> <span class='ocrx_word' id='word_1_293' title='bbox 1310 3735 1311 3740; x_wconf 14' lang='grc' dir='ltr'><strong>κ</strong></span> 
     </span>
    </p>
   </div>
   <div class='ocr_carea' id='block_1_5' title="bbox 0 0 1443 4620">
    <p class='ocr_par' dir='ltr' id='par_1_5' title="bbox 0 0 1443 4620">
     <span class='ocr_line' id='line_1_34' title="bbox 0 0 1443 4620; baseline 0 0"><span class='ocrx_word' id='word_1_294' title='bbox 0 0 1443 4620; x_wconf 95' lang='lat' dir='ltr'> </span> 
     </span>
    </p>
   </div>
  </div>
 </body>
</html>
