2864 4620
523 291 609 360 Epist.
627 290 698 347 CXV
715 291 794 346 2-7.

94 487 179 563 sunt,
212 503 272 548 non
309 486 458 560 terrentes.
491 503 562 548 narn
592 486 627 549 et
657 471 767 552 senato
804 504 855 550 ore
887 485 1083 569 splendorem
1118 487 1217 554 bonae

94 591 268 656 uoluntatis
310 590 461 668 enuntiat,
502 589 556 672 qni
595 610 651 674 per
690 591 894 672 apostolicam
933 591 1222 674 inmaculatamqne

95 697 189 761 tidem
220 700 252 761 et
280 715 337 779 per
368 698 587 777 competentes.⁴
615 696 850 784 ¹praedicatores
887 699 942 762 ant
977 696 1151 769 confirmari
1182 717 1216 762 se

95 805 184 887 optat
215 805 270 868 aut
297 803 418 886 corrigi.
472 805 686 867 nernmtamen
713 803 794 868 licet
815 803 846 868 in
863 803 923 868 ¹his
950 803 1072 876 nullum
1099 803 1217 878 saeculi
1239 802 1260 865 4
1334 859 1335 864 ,

54 927 77 966 a
95 909 308 992 praecedentis
331 908 462 972 exsistat
484 908 660 991 exemplum
686 927 786 990 neque
819 908 948 974 senioris
980 909 1055 974 facti
1082 909 1216 992 qualitas

95 1019 151 1080 ant
178 1015 347 1080 commissa
366 1014 460 1103 ‘libris
483 1016 540 1078 aut
566 1014 723 1080 memoriis
750 1014 868 1079 inserte
893 1017 1044 1092 teneatur,
1073 1014 1151 1078 nihil
1178 1014 1217 1079 ad

94 1140 162 1198 nos,
196 1120 315 1204 quibus·
341 1119 431 1185 dulce
459 1122 509 1184 est
536 1118 685 1186 beneficio
713 1120 764 1184 dei
790 1120 907 1204 pietate
933 1123 1039 1186 nestra
1064 1119 1216 1185 innitente

94 1227 238 1292 inchoare
264 1227 394 1291 meliora
421 1227 453 1290 et
480 1218 549 1301 lioo,
579 1225 663 1308 quod
689 1245 749 1291 non
780 1226 958 1308 accepimns
985 1226 1217 1309 aparentibus,

93 1336 158 1398 tarn
183 1332 258 1397 clari
281 1331 383 1415 operis
405 1331 589 1396 institutum
611 1330 701 1396 nobis
723 1331 803 1414 ipsis
825 1331 1001 1415 imponere:
1024 1332 1097 1414 qnia
1113 1333 1215 1396 toturn
1240 1330 1259 1394 5

49 1457 77 1497 ιο
94 1459 149 1523 pro
171 1438 433 1522 redintegratione
455 1436 529 1502 fidei
553 1440 635 1509 <et>
651 1438 855 1502 ecclesiarum
873 1457 948 1522 pace
966 1438 1067 1503 facere
1085 1437 1223 1502 libenter

95 1545 321 1629 amplectimur,
337 1544 366 1608 si
377 1543 646 1608 tomenmaio'rnm
657 1543 982 1610 nostrorumdednitio
998 1533 1216 1609 etsanctornm

93 1653 216 1734 patrum
239 1650 271 1714 in
296 1649 362 1715 suis
389 1649 546 1714 radicibus
569 1649 757 1721 inconcussa
778 1653 966 1731 permaneat,
990 1650 1018 1714 si
1041 1649 1217 1714 anathema-

93 1757 208 1821 tizetur
229 1753 395 1821 Nestorius
419 1741 719 1844 comparticipibus
743 1754 820 1831 suis,
843 1756 898 1837 qui
921 1774 1075 1820 euacuans
1094 1755 1216 1820 diuinae

95 1864 287 1927 sacramenta
317 1864 445 1926 naturae
476 1861 599 1925 beatam
631 1856 763 1951 Mariam
794 1861 949 1945 uirginem
980 1861 1056 1925 nudi
1081 1858 1215 1925 hominis

49 1985 76 2025 re
93 1968 243 2032 mentitur
282 1985 351 2048 esee
388 1967 576 2050 genetricem
612 1967 732 2031 oblitus·
766 1967 923 2050 angelicae
963 1965 1215 2043 annuntiationis,

93 2092 148 2156 per
171 2072 264 2156 quam
287 2071 402 2136 mundo
424 2071 571 2150 innotuit,
590 2072 663 2155 quia
685 2071 767 2154 quod
787 2090 826 2136 er¹¹
842 2091 878 2136 ea
895 2073 1085 2148 nasceretur,
1103 2082 1215 2136 uocan-

94 2179 168 2243 dnm
191 2181 277 2243 esset
298 2178 452 2255 sanctum,
474 2173 558 2244 filius
582 2177 641 2243 dei.
686 2177 822 2243 facessat
838 2177 1005 2260 impiorum
1022 2179 1088 2242 tam
1107 2178 1213 2242 contn-
1237 2176 1256 2240 6

94 2285 225 2348 meliora
242 2283 273 2347 in
293 2283 349 2358 deo
369 2282 611 2360 honoriticentia,
631 2284 776 2366 qnoniam
795 2283 909 2348 sic'est
924 2284 1061 2348 inntero
1080 2282 1215 2367 uirginis·

94 2393 220 2472 operata
234 2389 390 2466 diuinitas,
405 2390 443 2463 ut
456 2408 491 2453 en
506 2408 542 2453 ea
554 2389 643 2453 nnita
656 2388 718 2454 sibi
728 2388 910 2472 procederet
922 2388 1023 2453 carnis
1033 2387 1213 2474 animaeque

46 2513 75 2552 ao
93 2494 556 2575 hnmanaeindiscretaqnidem
571 2494 624 2560 sed
639 2512 699 2563 non
714 2496 844 2570 confuso
853 2492 1017 2560 conexione
1027 2493 1212 2570 substantia,

94 2603 126 2663 et
149 2600 195 2664 sic
216 2601 248 2664 in
271 2600 412 2682 utrisque
435 2599 554 2664 naturis
577 2595 635 2683 pro
655 2603 779 2666 nostrae
801 2599 1024 2683 redemptionis
1048 2598 1212 2664 dilectione

93 2703 210 2770 Christl
236 2706 308 2770 Iesu
338 2705 437 2770 nostri
460 2722 592 2787 persona
618 2725 681 2770 una
712 2710 761 2770 est
792 2705 972 2777 aedificante
994 2704 1142 2789 mysterio
1163 2740 1180 2771 a
1193 2694 1224 2780 'ey

90 2811 288 2886 restitutione
315 2815 446 2876 mortem
470 2811 573 2875 subire
602 2810 761 2893 potuisset
787 2847 802 2878 e
815 2849 830 2880 e
852 2798 983 2876 'naturae
1010 2809 1212 2895 fragilitatem

92 2916 236 2981 caelestis
258 2916 380 2999 imperii
409 2917 545 2981 uoluerit
567 2917 685 2982 uirtute
706 2935 848 3000 reparare
865 2917 924 2982 ‘uel
945 2916 990 2981 ita
1010 2933 1065 2999 pro
1092 2915 1211 2980 unitate

45 3039 73 3078 an
91 3041 238 3103 personae
262 3027 294 3086 et
324 3022 466 3087 dominus
501 3023 673 3088 maiestatis
705 3022 868 3088 cmcilirus
900 3028 933 3086 et
964 3022 1056 3106 filius
1077 3021 1211 3086 bominis

91 3125 235 3192 credatur
257 3129 452 3194 descendisse
475 3129 513 3194 de
537 3131 631 3197 caelo.
697 3129 882 3212 Eutychetis
901 3129 1024 3211 qnoque
1046 3127 1137 3211 ignor
1167 3163 1209 3196 η
1233 3128 1253 3191 7
1265 3203 1267 3205 ,

90 3231 241 3298 bonorum
269 3235 406 3317 omniurn
429 3237 462 3299 et
483 3235 552 3317 ipso
577 3254 648 3300 cnm
671 3234 775 3319 sociis
793 3232 975 3300 detestanda
997 3233 1059 3297 ianr
1086 3232 1211 3298 nomine

179 3474 210 3529 16
228 3474 291 3528 Luc.
312 3474 336 3541 1,
354 3475 388 3530 ab

101 3687 103 3690 ,
126 3633 138 3685 1
162 3648 215 3686 non
236 3635 358 3686 tenentes
380 3632 416 3687 V:
439 3634 615 3689 continentes
628 3631 662 3700 οἳ,
686 3651 740 3710 non
763 3633 929 3689 continentes
954 3633 1028 3696 Gar„
1050 3648 1103 3686 non
1126 3629 1212 3685 conti·

87 3720 200 3775 tinentia
213 3720 314 3775 Bistua
348 3723 424 3776 lest
442 3721 480 3794 9²:
500 3723 570 3776 etV
603 3722 830 3793 Sapparentibns
848 3722 879 3789 V,
898 3737 965 3776 corr.
985 3721 1012 3773 ol
1049 3720 1081 3774 10
1100 3721 1128 3773 et
1147 3717 1211 3772 odd.

87 3808 156 3862 Bar.
194 3809 226 3862 13
239 3798 398 3878 snielssaV
434 3811 466 3865 19
481 3810 569 3865 unitas
582 3811 621 3865 ibi
640 3810 671 3874 V,
687 3817 755 3865 cor'r.
771 3811 849 3864 Tittoi
900 3810 935 3886 20
948 3808 1092 3881 indiscreta
1107 3806 1210 3867 Cobet:

85 3895 243 3950 increataV
276 3898 310 3950 22
324 3897 551 3964 <domini>noat1i
563 3898 626 3953 Oor.
662 3897 1098 3968 228q.]poatmysterioloeemam
1106 3894 1213 3963 merc

87 3983 246 4048 litterarum,
260 3990 325 4053 poet
342 3988 475 4058 potuisset
491 3988 547 4054 fere
564 3991 599 4040 14
618 3988 769 4046 litterarum
785 3987 894 4056 reliquit
915 3985 942 4038 V
973 3985 1007 4040 26
1024 3984 1103 4055 ignor
1119 3984 1218 4038 relicto-

85 4071 177 4139 epotio
197 4071 289 4138 &fere
312 4073 392 4138 litter.
415 4072 452 4128 V:
474 4072 626 4144 ignorantie
642 4093 666 4139 o,
688 4075 842 4146 ignorantia
864 4073 1011 4129 diuinorum
1033 4072 1111 4136 Bar„
1135 4072 1213 4142 igno·

76 4158 175 4212 nantia
193 4175 288 4228 erpere
306 4160 415 4217 Cenat·
649 4156 651 4160 ’

113 4281 192 4324 xxxv
206 4292 259 4332 pm
272 4283 292 4322 a.
1106 4264 1140 4319 38
