2864 4620
501 300 586 370 Epist.
606 299 678 356 CXII
697 303 713 355 9
733 333 766 342 -
785 301 872 357 CXIII
892 305 915 359 5.
1185 324 1187 329 ’
1203 310 1267 374 507

139 494 194 559 sed
216 493 388 576 postulatio
413 512 536 575 quoque
560 494 697 558 creditur
719 514 788 558 esse
812 496 1009 575 conueniens
1033 502 1070 562 ut
1092 497 1212 564 duabus
1236 499 1267 563 in

139 596 236 664 unum
264 599 520 668 concurrentibus
549 601 653 664 causis
682 601 804 665 animus
832 603 991 680 incitatus,
1021 604 1103 685 quod
1135 605 1210 669 felix
1238 610 1268 671 et

139 705 254 771 bonum
278 706 419 790 partibus
444 705 495 778 sit,
520 705 626 769 ualeat
652 705 793 788 adipisci.
859 707 885 771 si
914 709 996 772 enim
1020 707 1163 774 Christus
1192 710 1267 775 deus
1292 712 1311 774 3

138 812 334 877 etdominus
357 817 463 876 noster
486 813 517 875 et
539 830 594 893 per
616 812 818 885 mitissimam
840 813 1036 879 uoluntatem
1061 817 1092 880 et
1115 816 1268 898 quandam

106 918 381 1001 adispensationis
413 918 597 1001 petitionem
625 938 683 983 nos
711 920 874 984 reuocauit
902 920 940 984 ad
968 940 1000 984 se
1029 925 1061 986 et
1091 922 1267 1006 redemptos

137 1025 261 1107 proprio
297 1024 449 1107 sanguine
484 1008 623 1089 libertati
659 1025 809 1103 restituit,
841 1028 878 1090 ut
914 1027 1049 1091 salutem
1084 1029 1265 1094 mortalitat'

136 1133 321 1212 praestaret,
354 1150 414 1195 non
446 1130 574 1194 uidetur
606 1129 776 1195 absurdum
802 1133 867 1194 tam
896 1131 978 1214 apud
1005 1132 1267 1216 gloriosissimum

136 1257 242 1321 regem
275 1255 368 1319 quam
401 1237 484 1319 apud
514 1236 735 1301 beatissimum
765 1256 878 1318 papam
910 1239 1009 1302 almae
1036 1239 1122 1304 urbis
1149 1241 1266 1304 Romae

136 1349 241 1427 patres
274 1343 467 1426 conscriptos
499 1342 655 1425 imperiali
686 1342 833 1425 petitioni
860 1343 1042 1409 coniunctos
1071 1363 1107 1410 ca
1134 1364 1265 1428 sperare,

95 1473 119 1511 ιο
139 1469 218 1532 quae
247 1452 279 1512 et
306 1449 395 1513 nobis
424 1451 456 1512 et
484 1448 544 1512 sibi
573 1447 629 1513 deo
658 1451 812 1512 annuente
839 1448 871 1512 in
899 1468 1063 1514 commune
1094 1451 1265 1534 proficiant,

137 1556 196 1621 lroo
219 1558 277 1632 est,
301 1574 339 1618 ne
362 1553 569 1637 fugitiuorum
589 1553 718 1617 audiant
737 1554 937 1619 concinnatos
957 1574 1114 1620 sermones
1134 1559 1165 1621 et
1182 1569 1266 1622 men·

137 1662 225 1726 dacio
260 1661 326 1726 solo
363 1661 554 1744 compositos
586 1658 643 1724 sed
674 1660 886 1726 satisfactione
919 1665 1076 1744 suscepta,
1109 1682 1202 1745 quam
1234 1668 1266 1730 et

135 1767 252 1831 ueritas
277 1769 309 1830 et
329 1767 506 1851 legatorum
533 1765 588 1847 qui
616 1765 725 1830 directi
753 1769 827 1830 sunt
852 1766 1013 1848 inquisitio
1042 1769 1201 1851 patefecit,
1225 1770 1263 1835 ad

136 1872 344 1937 desideratam
366 1891 476 1954 pacem
505 1870 691 1954 acceptabili
720 1870 776 1936 deo
805 1873 967 1937 uoluntate
995 1877 1187 1940 concurrant.
1220 1877 1264 1940 in·
1287 1880 1308 1940 4

95 1979 314 2043 indubitatum
352 1977 508 2058 siquidem
545 1980 594 2041 est
630 1997 665 2041 er
699 1977 794 2060 longa
830 1996 979 2043 annorum
1016 1979 1095 2043 serie
1131 1980 1264 2045 multam

135 2088 256 2170 partem
282 2085 327 2148 rei
353 2083 498 2167 publicae
525 2087 665 2148 uestram
691 2084 850 2149 uindicare
882 2085 1099 2150 constantiam.
1134 2086 1263 2168 proinde

135 2193 257 2275 oportet
280 2190 515 2255 sanctissimum
538 2192 663 2254 coetum
685 2195 827 2254 uestrum
851 2191 970 2255 sollerti
998 2191 1102 2255 studio
1131 2210 1166 2256 ac
1195 2211 1263 2274 pro-

83 2295 93 2333 7
134 2298 208 2361 uido
231 2297 337 2362 labore
360 2294 543 2360 contendere
566 2298 631 2360 tam
654 2295 736 2376 apud
760 2296 916 2360 excelsum
934 2316 1050 2380 regem,
1070 2297 1120 2360 cui
1137 2297 1263 2382 regendi

134 2423 192 2468 uos
215 2405 357 2485 potestas
380 2402 433 2465 uel
456 2400 637 2466 sollicitudo
661 2401 829 2467 commissa
851 2404 909 2480 est,
928 2422 1021 2485 quam
1039 2401 1121 2483 apud
1138 2419 1263 2467 uenena

90 2533 118 2572 aa
134 2508 230 2572 bilem
257 2526 379 2589 papam,
403 2506 455 2570 cui
481 2506 692 2571 intercedendi
721 2507 803 2590 apud
831 2506 924 2572 deum
949 2509 1083 2572 facultas
1108 2511 1156 2572 est
1177 2527 1262 2590 prae·

135 2615 220 2692 stita,
244 2616 281 2677 ut
302 2612 334 2676 in
359 2631 394 2676 ea
412 2614 498 2694 parto
517 2612 613 2676 animi
632 2613 680 2676 sui
698 2613 872 2677 bonitatem
892 2613 1058 2698 dignentur
1074 2613 1261 2695 impendere,

133 2720 164 2784 in
198 2739 259 2802 qua
290 2719 455 2800 utriusque
486 2718 697 2800 reipublicae
725 2718 865 2784 membra
893 2723 1015 2802 sperata
1042 2720 1174 2784 sanitate
1201 2720 1261 2784 sal-

133 2830 273 2901 nentur„
301 2823 474 2906 implebitis
515 2824 598 2888 enim
633 2829 770 2889 ueterem
808 2826 1065 2891 consuetudinem
1102 2829 1133 2890 et
1166 2825 1303 2894 nimis5

134 2930 264 2996 oonsilio
288 2937 395 2994 uestro
419 2928 629 3008 notissimam,
653 2929 680 2995 si
703 2949 848 3013 eaquae
870 2930 1014 3012 publicae
1036 2931 1169 2996 utilitati
1191 2950 1261 2995 oon·

86 3062 114 3104 aa
132 3037 274 3114 ueniunt,
301 3033 463 3100 tractando
491 3035 642 3118 sperando
670 3036 857 3119 postulando
881 3036 1026 3102 olfactum
1049 3036 1180 3118 adipisci
1203 3035 1259 3101 doc

132 3143 260 3224 auspice
282 3141 432 3207 feceritis.
476 3130 559 3207 Data
579 3141 618 3205 V.
641 3141 711 3207 Kal.
734 3143 815 3226 Aug.
840 3138 1035 3211 Chalcedone
1057 3142 1150 3207 Petro
1174 3159 1259 3205 cons.

68 3307 70 3309 '
166 3314 361 3383 consputare
385 3313 420 3368 V:
445 3312 479 3368 ad
503 3329 535 3368 ea
556 3313 692 3388 adspirare
716 3312 816 3371 Usener
835 3314 867 3367 in
892 3315 1065 3368 Commendat.
1084 3313 1115 3367 in
1132 3314 1259 3368 honorem

134 3401 184 3456 Th.
202 3399 365 3456 Mommsem‘
389 3403 448 3456 765
471 3401 536 3456 adea
558 3405 604 3464 22.
622 3402 671 3456 red
688 3401 722 3470 cf.
741 3402 864 3458 Indiam
880 3418 901 3456 a.
920 3419 948 3456 u.
968 3401 1099 3470 ‘speraret‘
1160 3403 1190 3455 il
1211 3417 1258 3454 au·

132 3489 213 3546 deant
235 3488 267 3555 V,
286 3504 354 3544 corr.
374 3490 432 3542 ο2Ὶ
490 3490 522 3545 15
541 3490 655 3544 multum
677 3490 710 3554 V,
730 3506 797 3545 corr.
816 3490 885 3544 Bor.
964 3490 996 3544 16
1014 3489 1155 3543 nendicare
1174 3489 1256 3543 Boc:

130 3575 296 3661 iudicareV
360 3578 393 3633 21
413 3578 441 3631 in
460 3594 491 3632 ea
510 3575 549 3632 0²:
566 3580 627 3631 niea
649 3577 676 3632 V
734 3579 769 3632 22
787 3582 878 3649 sperat
899 3577 931 3642 V,
949 3593 1017 3634 corr.
1036 3576 1063 3629 ο2
1123 3573 1256 3633 2601111-

130 3682 216 3720 onnon·
237 3664 263 3718 V
