2864 4620
195 272 259 336 858
734 264 851 319 Index

231 458 363 513 adsistens
390 458 453 528 1022,
480 456 526 526 qui
552 456 629 524 quasi
652 472 714 510 rous
731 456 760 510 in
823 455 982 528 5872215115
996 456 1205 512 aduersitatibus
1219 459 1428 528 praestar=

231 546 339 601 exilium
361 544 508 599 mittendus
532 543 676 598 adstiterat
695 544 759 616 1722.
821 543 967 598 remedium
985 545 1060 617 62822

231 667 263 676 -
272 635 403 689 habentes
412 631 587 687 adsistentem
598 630 650 685 sibi
659 631 760 700 regiam
789 628 912 687 aduerte:
932 632 1100 689 aduertite..
1113 677 1118 689 .
1129 634 1157 688 in
1176 650 1229 703 quo
1249 634 1289 688 rei
1302 633 1428 690 sinffl

230 724 392 793 potestatem
412 722 473 792 102
823 722 872 794 922,
890 721 1009 776 aduertit
1032 722 1164 792 sapientia
1185 725 1280 776 uestra
1298 723 1428 793 Ari—

196 806 761 880 adspectusploral.:subuestraepietatis
822 810 969 865 minensem
994 810 1124 881 synodum
1148 810 1270 881 piissime
1298 827 1428 865 cce—

231 895 760 969 555551161512622251155151551555511·
823 901 898 967 ptam
926 899 990 971 1122,
1018 899 1142 953 aduertat
1172 899 1428 969 tranquillima

229 988 319 1039 tamur
335 984 488 1054 aspectibus
506 984 579 1054 61922
824 989 925 1040 nestra:
945 986 968 1039 si
985 986 1052 1039 haec
1074 986 1133 1040 6511
1155 987 1249 1050 uultis,
1268 1002 1428 1046 1155555

197 1062 328 1144 adsperge
346 1072 445 1127 sabat:
463 1071 510 1141 qui
527 1071 602 1126 nulla
619 1069 760 1124 damnatae
822 1077 909 1128 metus
933 1076 975 1127 est
996 1091 1043 1128 ne·
1066 1075 1121 1146 302,
1150 1073 1341 1129 aduertite...
1402 1101 1428 1134 τ

229 1160 379 1231 impictatis
397 1160 434 1214 sit
451 1159 567 1217 inlectus
585 1159 758 1228 aspergi<ne>
822 1161 965 1232 numquid·
984 1163 1030 1236 352

232 1250 304 1322 11722
788 1248 929 1304 adunatio:
953 1250 1015 1322 3092
1039 1251 1102 1323 5962
1126 1250 1188 1323 5982
1213 1251 1291 1324 61222
1311 1257 1406 1308 eie-

195 1334 760 1407 adspicio:quaercguladumneglegenter
787 1338 899 1391 adonio:
928 1355 1034 1393 caruem
1062 1356 1140 1408 quam
1168 1337 1221 1392 sibi
1245 1355 1278 1392 ex
1300 1339 1398 1408 ipsa

230 1425 365 1495 aspicitur,
384 1424 482 1478 malum
503 1441 557 1478 non
581 1422 685 1477 nitatur
702 1424 758 1494 962,
823 1428 997 1498 conceptione
1016 1427 1234 1498 5155151126922

195 1513 314 1584 adspira:
356 1512 462 1567 dominc
499 1512 651 1581 adspirante
687 1511 758 1582 5012,
787 1511 888 1567 adano:
917 1514 955 1588 322
983 1516 1058 1589 33222
1086 1516 1160 1588 34822
1189 1516 1266 1587 59622
1292 1515 1374 1587 61322

230 1603 364 1673 aspirante
387 1601 464 1655 uobis
487 1600 595 1655 domino
618 1597 758 1671 3542155
821 1601 895 1673 62122
914 1609 962 1656 etc.

230 1691 385 1744 cunctorum
411 1688 546 1743 mentibus
574 1687 646 1755 (sibi,
670 1686 757 1751 uobis)
787 1688 879 1759 adyta:
896 1691 942 1759 qui
956 1694 1093 1745 externum
1106 1691 1197 1762 ignem
1211 1690 1241 1744 in
1256 1689 1360 1744 diuinis

231 1777 366 1848 aspirante
390 1778 446 1851 7222
470 1777 534 1850 3502
551 1777 634 1848 35222.
653 1805 687 1815 -
706 1775 758 1829 exi·
822 1776 911 1846 adytis
929 1778 1032 1833 inuexit
1049 1779 1123 1869 58222

230 1868 342 1921 stimans
359 1882 408 1919 uos
427 1868 519 1921 contra
537 1880 595 1919 eam
613 1862 693 1917 61515
712 1863 758 1918 ad·
786 1864 938 1921 aedificatio
964 1881 1046 1920 55555
1071 1865 1264 1920 ecclesiastico:
1293 1883 1350 1920 oon·

230 1955 345 2025 spirasse
363 1955 438 2026 46922
821 1955 919 2008 stituta
942 1970 990 2024 per
1012 1970 1080 2023 quae
1099 1952 1252 2008 aedificatio
1273 1970 1348 2023 gane-

195 2041 386 2112 adstipulator:
411 2042 457 2111 qui
476 2056 572 2096 causae
590 2040 685 2110 Pelagi
703 2040 765 2095 eni-'
820 2042 1349 2114 1511151151555515152022,515555111

229 2133 287 2185 nius
311 2128 489 2200 adstipulator
511 2129 657 2183 interuenit
676 2129 758 2201 10322.
821 2130 1007 2185 aedificatione
1029 2130 1205 2202 6992251151
1228 2131 1346 2186 5511655-

230 2223 260 2272 51
273 2235 372 2288 prauae
387 2219 442 2272 eius
452 2216 590 2272 doetrinae
601 2217 760 2288 astipulator
821 2219 890 2272 tioni
900 2218 1096 2273 ecclesiastieae
1111 2220 1268 2273 conueniret
1282 2221 1347 2292 7002.

231 2307 370 2361 existerem
389 2305 451 2377 1112
820 2337 854 2347 -
873 2306 1073 2362 aedificationes
1092 2331 1126 2354 =
1146 2307 1277 2377 aedificia
1295 2310 1346 2380 4722

195 2393 343 2464 adstipulcr
362 2397 408 2458 (ε
422 2393 583 2459 massaliam
601 2393 759 2463 astipulanti
786 2394 910 2449 aedifico:
943 2394 1082 2450 aedificare
1115 2412 1182 2466 quae
1210 2397 1349 2451 destruunt

230 2497 336 2552 quoque
351 2498 383 2536 ea
394 2484 471 2552 parte
486 2497 553 2551 quae
566 2480 700 2551 discrepat
713 2482 759 2553 742
821 2483 964 2552 euangelia
976 2484 1044 2555 215,
1057 2484 1204 2538 5511515155
1216 2500 1285 2554 quae
1299 2501 1348 2538 555

195 2571 285 2628 adsto:
305 2569 456 2624 astantibus
475 2570 518 2633 (aa
529 2569 643 2640 mnodo)
661 2585 758 2623 nouem
821 2570 964 2626 aedificant
976 2570 1025 2625 sed
1037 2572 1123 2641 magis
1132 2570 1276 2626 destruunt
1290 2572 1348 2643 1022

230 2657 363 2728 episcopis
386 2659 441 2730 642,
464 2656 634 2712 adstantibus
653 2674 758 2728 quoque
786 2663 908 2730 aegroto:
933 2676 992 2714 cum
1015 2660 1071 2714 solo
1094 2660 1176 2714 animi
1198 2659 1292 2716 morbo
1310 2659 1349 2713 in-

141 2790 143 2793 .
231 2746 388 2802 diaconibus
405 2748 469 2818 4752
821 2747 978 2802 sanabiliter
996 2752 1148 2817 aegrotaret
1165 2749 1204 2822 822

196 2834 347 2905 adstringo:
371 2838 402 2889 nt
424 2850 491 2905 qnos
508 2834 645 2905 nequitiae
663 2835 758 2888 simili·
785 2835 941 2890 aemulatio:
975 2837 1152 2891 aemulatione
1184 2854 1215 2892 ac
1250 2838 1349 2892 uirtute

230 2923 294 2977 tudo
332 2923 518 2992 complectitur
549 2939 595 2977 eos
629 2930 690 2984 (55)
698 2923 758 2977 1551
819 2925 940 2994 martyrii
953 2924 1220 2995 icruensingloriam
1234 2924 1349 2979 diuinam

231 3013 312 3065 etiam
322 3010 439 3066 conditio
454 3011 648 3067 emendationis
662 3012 758 3066 551115·
820 3013 885 3085 2322,
900 3017 1008 3068 5555155
1022 3012 1086 3068 6151
1099 3015 1280 3070 aemulatione
1299 3015 1348 3068 ler-

230 3101 357 3172 gat531;
380 3103 412 3154 51
434 3100 549 3155 obsistas
570 3101 695 3164 maximis·
709 3118 757 3154 un·
819 3103 926 3154 nentem
949 3101 1015 3175 3022,
1039 3101 1073 3156 51
1096 3102 1215 3158 diuinam
1233 3105 1347 3159 aemula-

200 3247 202 3252 ,
230 3189 398 3258 diquerebus
413 3189 569 3259 astringeris
584 3189 758 3262 15322;111111ι
819 3189 921 3243 tionem
939 3192 1081 3244 succensus
1099 3190 1156 3264 3122

229 3291 259 3335 55
290 3277 468 3348 peruidebant
498 3277 635 3336 sententia
665 3294 758 3334 consa·
785 3277 946 3331 aemulator:
966 3277 1010 3332 dei
1028 3279 1347 3354 5515515151Η511552522

229 3370 343 3436 quanter
360 3365 493 3437 adstringi
512 3367 597 3440 39522,
609 3368 721 3423 similla.
785 3365 905 3419 aemulus
925 3369 970 3434 (ε
984 3366 1134 3435 inimicum:
1153 3384 1348 3423 1551515555-

195 3456 302 3512 adstruo
332 3461 378 3524 (=
406 3456 532 3527 adfirmo)
563 3457 672 3527 aliquid
701 3457 757 3530 8922
819 3454 861 3508 lus
879 3454 934 3525 852,
954 3455 1051 3509 aemuli
1069 3454 1207 3524 religionis
1224 3457 1346 3512 homines

230 3548 286 3619 9122
307 3547 368 3620 1102
389 3547 450 3620 1112
470 3551 517 3600 etc.
820 3543 892 3614 6772,
911 3542 975 3597 6151
993 3543 1157 3598 aemulorum
1170 3543 1266 3600 fraude
1283 3547 1339 3618 1322

195 3635 317 3689 adsumo:
336 3651 369 3689 55
384 3634 449 3704 quid
460 3634 514 3698 sibi
526 3636 626 3688 temere
640 3651 757 3688 assume·
821 3630 854 3685 de
873 3631 968 3700 quibus
981 3632 1035 3702 ipsi
1049 3632 1147 3686 aemuli
1161 3633 1348 3689 conuincantnr

229 3726 271 3778 ret
306 3725 371 3796 6422,
407 3738 547 3793 personam
582 3722 758 3777 criminatoris
820 3721 894 3792 69922

230 3828 365 3871 assumere,
387 3810 452 3883 5822,
477 3814 510 3864 51
532 3810 671 3880 utriusque
692 3810 759 3866 iacti
786 3808 909 3878 aenigma
926 3809 1117 3863 incarnationis
1136 3811 1197 3882 1922

230 3902 360 3972 qualitate
390 3905 684 3972 perpensa...temere
716 3918 758 3955 as·
786 3897 979 3966 aequanimiter
996 3897 1060 3969 4982

229 3994 335 4060 sumpta
351 4007 405 4045 non
423 3992 531 4043 maneat
550 3991 607 4062 6522
786 3988 946 4056 aequiuoce:
970 3986 1112 4057 onychitae
1138 3989 1184 4058 qai
1207 3991 1347 4060 aequinccc

193 4077 758 4149 51551511556032,5111555155155511-
820 4080 1006 4145 nuncupantur
1029 4075 1058 4130 id
1081 4081 1123 4130 est
1144 4094 1198 4131 non
1221 4081 1347 4134 ueraciter

228 4172 273 4222 tur
287 4167 433 4222 aduersitas
447 4183 501 4221 555
514 4166 626 4221 habebit
636 4165 758 4221 effectum
821 4165 895 4238 75522
