2894 4634
173 296 236 364 786
560 349 561 352 ¹
648 289 815 359 Appendices

172 506 228 574 pro
260 485 410 569 religione
442 485 566 547 fuerant
597 482 755 559 exerenda,
790 482 877 546 extiti
925 482 1173 564 contemptibilis
1207 484 1303 564 atque

173 591 341 675 despectus
370 593 402 657 et
428 592 483 655 aut
510 589 615 674 segnis
644 592 699 654 aut
726 589 874 653 fiduciam
901 608 962 653 non
986 589 1102 652 habens
1125 588 1303 668 intimandi,

120 703 161 768 37
172 698 203 762 in
237 717 298 781 quo
331 716 387 780 per
416 696 536 779 regiam
568 696 730 760 ciuitatem
762 696 863 760 maior
899 695 1029 759 effectus
1068 698 1139 758 est?
1176 693 1304 760 Nathan

171 802 328 889 propheta
346 801 451 884 palam
473 801 662 884 publiceque
685 803 717 865 in
740 802 821 867 facie
838 801 905 884 regi
922 800 1026 865 Dauid
1045 804 1077 865 et
1095 802 1304 867 commissum

171 907 388 993 pronuntiauit
423 925 557 971 errorem
593 910 626 971 et
661 906 766 989 ipsum
804 904 999 970 commisisse
1036 924 1096 969 non
1133 906 1235 970 tacuit
1272 910 1304 972 et

172 1013 375 1104 confessione
396 1015 571 1077 conantum
599 1015 825 1094 consequenter
853 1011 1001 1076 absoluit.
1030 1010 1082 1074 hic
1115 1014 1220 1075 autem
1254 1013 1305 1076 uir

171 1118 272 1185 bonus
291 1121 324 1183 et
343 1118 487 1183 sacerdos
508 1117 654 1202 egregius
672 1117 705 1182 in
725 1120 848 1181 tantum
867 1135 900 1180 se
920 1120 952 1181 et
971 1137 1138 1200 suggerere
1158 1119 1303 1200 potuisse

172 1224 361 1293 monstrauit
383 1226 415 1289 ct
436 1224 575 1290 noluisse
599 1224 803 1306 deprompsit,
826 1223 923 1288 immo
948 1223 1067 1288 fauisse
1085 1225 1246 1306 patefecit,
1267 1228 1303 1287 ut

173 1333 205 1395 et
230 1331 401 1413 imperator
429 1333 540 1395 cuncta
567 1349 600 1394 se
628 1348 664 1394 ex
689 1329 757 1393 eius
782 1330 920 1413 gessisse
944 1330 1075 1395 oonsilio
1096 1317 1158 1394 non
1182 1333 1304 1394 taceret

173 1438 205 1501 et
227 1436 294 1519 ipse
318 1437 538 1518 imperatorem
560 1437 684 1520 magnis
707 1436 880 1520 praeconiis
899 1438 1037 1500 eleuaret
1055 1437 1116 1500 ista
1134 1437 1302 1501 facientem
1321 1459 1339 1498 a

172 1534 306 1626 seseque
326 1542 474 1626 proderet
495 1543 544 1606 his
568 1542 696 1626 agendis
719 1543 813 1607 robus
837 1542 936 1608 fuisse
957 1543 1150 1625 participem.

119 1663 160 1726 38
216 1648 277 1715 Sed
300 1652 379 1726 esto,
401 1648 579 1714 Kalendion
601 1650 797 1731 imperatoris
821 1669 931 1714 nomen
952 1649 1127 1727 abstulerit,
1145 1649 1299 1714 Iohannes

171 1753 305 1840 principi
336 1755 487 1819 mentitus
505 1753 619 1818 tuisse
649 1754 799 1819 iactetur:
834 1772 912 1836 quae
931 1756 1052 1818 'tamen
1090 1772 1162 1818 cum
1200 1775 1299 1819 nouae

174 1862 279 1926 essent
306 1878 430 1941 causae,
447 1878 541 1924 noua
568 1858 677 1924 debuit
704 1859 918 1924 ecclesiastica
944 1860 1108 1941 prouenire
1131 1860 1296 1947 discussio.

171 1985 210 2033 an
238 1962 408 2054 [obiectio],
422 1997 424 2001 ⁴
437 1965 492 2048 qui
517 1966 549 2030 in
576 1965 701 2030 homine
723 1966 910 2047 imperatore
931 1984 1080 2047 peccasse
1105 1967 1297 2043 dicebantur,
1313 1993 1335 2034 n

169 2072 259 2138 nulla
284 2072 512 2137 interueniente
540 2072 659 2156 synodo
688 2072 768 2136 deici
796 2071 970 2136 debuerunt
997 2074 1029 2136 et
1054 2072 1086 2135 in
1116 2072 1220 2150 deum,
1245 2073 1298 2154 qui

170 2196 313 2243 summus
354 2180 386 2242 et
425 2197 519 2242 uerus
562 2180 611 2242 est
651 2178 830 2258 imperator,
871 2178 1022 2242 Acacium
1063 2177 1298 2261 delinquentem

171 2283 386 2365 sinceramque
410 2283 662 2348 communionem
686 2270 784 2347 diuini
817 2284 1001 2348 sacramenti
1033 2283 1214 2348 studentem
1241 2285 1297 2349 mi·

171 2406 257 2454 scere
281 2406 353 2466 cum
375 2388 500 2472 perfidis
524 2387 697 2454 secundum
721 2388 884 2471 synodum,
910 2409 971 2472 qua
989 2390 1066 2454 haee
1085 2393 1134 2454 est
1152 2391 1299 2455 damnata

118 2503 160 2567 39
170 2494 309 2578 perfidia,
332 2515 393 2561 non
416 2496 579 2579 oportebat
602 2498 748 2562 excludi?
772 2497 847 2579 quid
868 2517 924 2581 per
945 2501 1049 2564 totum
1073 2496 1234 2563 Orientem
1258 2499 1295 2563 dc
1313 2525 1337 2563 m

168 2600 341 2668 innumeris
382 2601 512 2667 urbibus
552 2602 638 2683 pulsi
678 2603 825 2668 catholici
865 2603 1042 2669 sacerdotes
1080 2607 1112 2669 et
1146 2605 1298 2671 baeretici

171 2705 356 2794 subrogati?
379 2725 479 2772 nouae
504 2711 587 2773 corte
611 2712 698 2774 erant
720 2728 833 2774 causae
852 2712 884 2774 et
899 2709 949 2774 his
969 2714 1195 2793 consequenter
1213 2730 1298 2776 noua

170 2813 308 2898 synodus
341 2813 521 2879 debebatur.
554 2833 609 2879 cur
640 2818 715 2880 tunc
747 2835 807 2881 non
838 2816 927 2880 uenit
956 2816 988 2881 in
1021 2819 1168 2890 mentem,
1200 2816 1297 2881 utin

169 2918 288 2985 talibus
329 2920 434 2986 causis
473 2922 632 3004 peteretur
672 2941 690 2986 a
729 2921 872 3004 principe,
909 2920 1015 2986 saltim
1056 2921 1297 3004 qualiscumque

170 3024 308 3108 synodus
350 3024 543 3116 celebranda,
583 3027 621 3089 ut
661 3024 858 3108 quocumque
898 3027 952 3090 uel
995 3027 1132 3093 colorato
1176 3027 1297 3093 iudicio
1313 3054 1337 3095 aa

169 3127 345 3196 traditionis
373 3129 604 3196 ecclesiastieae
632 3131 751 3213 passim
779 3131 942 3215 pontifices
965 3132 1144 3203 uiderentur
1166 3134 1297 3210 exclusi,

169 3253 230 3300 non
240 3236 352 3300 solum
370 3254 638 3319 quarumcumque
652 3236 776 3301 urbium
791 3236 979 3316 sacerdotes,
993 3238 1049 3304 sed
1062 3239 1299 3321 metropolitani

207 3462 374 3531 lrelegione
393 3460 483 3531 βδᾳῖς8
566 3462 763 3518 contendcbilia
779 3480 812 3517 aa·
830 3462 1053 3519 contendibilisd
1122 3463 1297 3534 2dispectns

171 3547 260 3619 etq2q³
328 3549 413 3619 signis
433 3550 464 3620 βδ
498 3550 794 3616 circumeundae
813 3552 840 3621 q¹
876 3551 1036 3606 lsacerdua
1055 3551 1086 3622 βδ
1121 3538 1241 3607 8fuisse
1261 3553 1299 3608 δι”

170 3637 397 3709 9imperatoreb
451 3640 485 3694 10
502 3639 691 3710 praecomiisb
743 3640 859 3694 faciente
876 3640 929 3695 i³T
981 3641 1014 3695 12
1030 3641 1154 3695 iohannis
1168 3638 1299 3712 ssboq²q⁸r³

171 3726 206 3780 14
223 3743 304 3781 cansa
322 3725 353 3795 βδ
425 3727 520 3782 debuit
539 3728 574 3783 T:
594 3729 717 3783 debuerit
738 3729 820 3799 ρυβδί
837 3729 977 3801 (debueret
993 3728 1030 3799 B)
1084 3730 1121 3784 15.
1136 3745 1170 3784 uu
1189 3747 1240 3786 om,
1259 3732 1301 3785 a'T

148 3815 218 3885 qui
233 3815 276 3870 ir
292 3813 346 3885 (9):
369 3816 484 3870 obiectio
504 3817 550 3885 qui
571 3816 642 3887 ρυβδ
712 3817 846 3871 hominem
864 3815 1093 3886 imperatoremil
1155 3820 1189 3874 16
1207 3821 1296 3874 nulla·

169 3905 248 3957 tenus
268 3903 353 3969 (nulla
368 3907 459 3958 tamen
475 3903 509 3972 ai)
528 3905 667 3973 uenientes
684 3905 725 3959 iu'
812 3907 844 3960 17
862 3922 980 3959 summus
999 3909 1042 3960 est
1059 3910 1088 3960 et
1104 3922 1184 3961 uerus
1204 3910 1246 3962 est
1265 3907 1296 3978 βδ

171 3991 205 4045 19
224 3992 341 4061 quaml}
371 4049 373 4053 ι
416 3993 450 4046 20
468 3991 628 4063 perfidiae&
694 3996 737 4048 ,21
756 3994 902 4048 inmnneris
922 3992 960 4064 βδ,
979 3995 1125 4068 inhumatis
1138 3995 1180 4060 ·,Τ,
1198 3997 1296 4051 initum

171 4080 223 4134 erla
239 4080 264 4134 6³
315 4081 349 4135 22
367 4098 438 4135 nona
456 4077 490 4135 il:
509 4098 562 4135 una
579 4086 642 4147 (nno
662 4081 725 4152 δ)2
782 4084 815 4136 23
833 4086 922 4136 mente
939 4083 956 4137 ι’.
1003 4081 1057 4138 ’24
1075 4087 1213 4154 pateretur
1229 4083 1293 4154 Μ’,

171 4165 323 4236 ptererura
377 4171 411 4224 25
430 4170 474 4224 uel
492 4185 542 4224 om.
560 4169 602 4224 a‘T
