2864 4620
220 263 285 327 514
471 258 607 313 Indienlne
625 257 704 312 datus
721 257 842 313 Eunodio
860 257 1007 312 Fortunate
1027 261 1077 312 etc.

219 453 425 530 commodent,
448 452 503 518 ubi
526 455 654 518 suntet
677 451 757 518 done
778 456 811 517 et
833 451 961 517 diuitiae
984 456 1019 516 et
1038 454 1150 519 caritas
1177 456 1210 519 et
1235 454 1343 520 unitas

220 565 252 626 et
289 559 438 642 quicquid
468 558 507 624 ad
540 557 687 641 gaudium
717 558 901 642 religiosum
937 563 1056 623 eertum
1093 563 1142 623 est
1176 561 1342 644 pertinere.

176 663 197 727 4
261 667 340 733 cum
361 666 425 731 ista
446 665 637 730 ordinatione
660 664 717 730 deo
741 665 875 747 propitio
899 664 1201 748 Constantinopolim
1230 685 1343 750 perne-

218 772 339 838 nientes
356 771 401 836 ibi
419 771 588 849 succedite,
601 770 657 836 ubi
675 771 864 836 ordineuerit
881 771 1145 837 elementissimus
1162 773 1343 855 imperator,

219 882 253 943 et
287 881 454 962 antequem
488 878 594 961 ipsum
627 876 774 953 uideatis,
809 877 888 941 nulli
918 874 999 943 dctis
1031 877 1071 942 ad
1101 897 1160 943 nos
1194 878 1342 944 ueniendi
1370 896 1386 938 c

218 984 389 1060 licentiam,
425 986 546 1067 praeter
580 1000 659 1065 qnos
693 983 795 1065 pietas
827 983 896 1048 eins
925 983 1057 1048 miserit
1095 987 1206 1066 postes
1234 987 1342 1050 tamn

213 1108 313 1175 quam
344 1089 515 1173 principem
545 1088 698 1166 uideritis,
726 1088 755 1153 si
782 1088 834 1170 qui
861 1088 1023 1154 orthodoxi
1050 1092 1083 1154 et
1106 1093 1230 1155 nostrae
1256 1109 1343 1156 com-

217 1195 376 1261 munionis
406 1198 444 1260 ut
473 1195 621 1261 trabentes
649 1196 752 1260 zelum
784 1195 916 1261 unitatis
943 1213 1005 1260 uos
1035 1195 1141 1262 uidere
1172 1197 1342 1274 noluerint,

218 1322 273 1368 eos
297 1301 355 1377 sub
380 1301 463 1367 omni
486 1302 610 1369 cautela
632 1302 793 1384 suscipite.
816 1321 871 1385 per
889 1319 968 1384 qnos
985 1300 1065 1366 forte
1083 1306 1117 1368 et
1133 1301 1217 1384 quod
1234 1303 1344 1387 egitur

219 1407 444 1490 deprehendere
464 1407 619 1491 poteritis.
1358 1426 1388 1466 m

175 1520 195 1585 5
261 1513 456 1581 Praesentati
469 1514 575 1595 itaque
592 1513 771 1594 imperatori
789 1513 912 1578 litteras
930 1513 1078 1597 porrigite
1097 1532 1169 1579 cum
1186 1513 1243 1578 tali
1262 1513 1340 1578 ello·

219 1620 344 1683 cutione
361 1618 488 1684 ‘salutm
500 1621 588 1701 pater
600 1621 714 1697 uester,
729 1617 820 1683 deum
837 1618 949 1684 cotidie
962 1637 1074 1703 rogans
1093 1621 1125 1684 et
1138 1619 1342 1685 confessioni·

218 1723 278 1788 bus
301 1727 479 1789 sanctorum
506 1726 720 1806 apostolorum
741 1723 827 1789 Petri
859 1727 892 1790 et
916 1724 1009 1789 Pauli
1038 1729 1179 1790 uestrum
1206 1743 1340 1808 regnum

217 1829 446 1905 commendans,
469 1831 506 1893 ut
528 1828 615 1907 deus,
635 1829 688 1912 qui
706 1829 796 1894 uobis
813 1830 876 1894 tale
895 1828 1083 1895 desiderium
1106 1829 1201 1907 dedit,
1224 1832 1261 1894 ut
1282 1848 1340 1914 pre

217 1953 313 2000 causa
330 1935 480 2000 ecelesiae
498 1935 583 2000 mitti
597 1936 629 1999 et
643 1936 803 2000 consulere
817 1935 1042 2002 beatitudinem
1054 1936 1155 2019 ipsius
1170 1935 1339 2019 eligeretis,
1360 1952 1386 1992 1⁵

175 2050 195 2113 6
217 2040 285 2123 ipse
304 2044 336 2106 et
348 2040 569 2123 perfectionem
583 2039 680 2105 bonae
698 2042 850 2106 retribuat
863 2042 1057 2108 uoluntatis’.
1103 2045 1135 2124 et
1149 2042 1177 2106 si
1189 2041 1338 2119 uoluerit,

219 2150 385 2228 tamquam
407 2145 531 2210 chartas
554 2146 716 2228 suscipiat,
740 2145 877 2210 ordinem
899 2147 1066 2232 legationis
1089 2164 1265 2230 agnoscere,
1288 2145 1339 2210 his

217 2252 323 2317 uerbis
342 2251 467 2318 utimini
483 2250 598 2316 ‘iubete
617 2252 733 2335 scripte
751 2252 928 2336 susciperc’.
947 2253 975 2317 si
993 2252 1104 2317 dixerit
1121 2251 1206 2335 ‘quid
1223 2251 1340 2317 habent

218 2356 341 2422 chartae
349 2358 384 2435 θ’,
398 2356 591 2440 respondetis
610 2357 738 2422 ‘salutes
758 2356 796 2422 ad
813 2358 962 2440 pietatem
979 2361 1116 2422 uestram
1131 2357 1291 2422 continent
1307 2360 1339 2421 et

217 2461 275 2528 deo
294 2463 410 2546 gratias
430 2463 504 2546 egit,
525 2462 597 2545 quie
614 2481 673 2528 uss
689 2463 842 2528 sollicitos
862 2463 900 2528 de
918 2463 1038 2528 unitate
1060 2463 1222 2548 cognoscit
1241 2462 1342 2527 eccle.
1356 2489 1385 2528 ιο

85 2610 88 2616 ι
217 2566 297 2645 siae;
320 2567 418 2654 legite
437 2571 469 2632 et
486 2568 677 2652 agnoscitis'.
697 2586 729 2637 ce
745 2568 862 2633 nullius
877 2587 989 2633 causae
1007 2569 1195 2634 mentionem
1212 2568 1337 2651 penitus

173 2671 350 2750 7fecietis,
387 2673 448 2737 nisi
484 2674 571 2760 prius
608 2677 753 2756 acceptae
784 2674 912 2739 litterae
947 2674 1134 2758 relegantur.
1200 2677 1233 2737 et
1266 2677 1340 2755 pest

216 2779 381 2860 susceptas
408 2778 531 2845 litteras
559 2782 591 2845 et
616 2780 748 2856 relectas
778 2779 903 2847 adicitis
926 2782 1006 2845 ‘nem
1031 2782 1062 2845 et
1084 2779 1123 2844 ed
1145 2779 1338 2845 Uitalianum

215 2883 370 2949 famulum
393 2890 533 2950 uestrum
556 2885 644 2953 misit
665 2885 797 2965 litteras,
817 2886 890 2968 quie
908 2888 1035 2969 recepte
1052 2905 1071 2950 a
1087 2884 1204 2969 pietate
1221 2887 1339 2963 uestra,

217 2989 388 3073 sicutipse
412 2991 548 3073 scripsit,
570 2991 697 3057 lieentia
719 3010 794 3057 suos
818 2992 857 3056 ed
882 2999 1002 3076 patrem
1028 2997 1170 3058 uestrum
1196 2994 1341 3058 sanctum
1357 3017 1386 3059 ss

210 3114 328 3179 papam
350 3096 492 3161 homines
516 3097 696 3163 destinauit.
720 3097 775 3163 sed
798 3099 870 3179 quie
891 3098 1012 3164 iustum
1035 3102 1110 3176 erat,
1132 3100 1170 3163 ut
1190 3097 1277 3182 prius
1299 3096 1340 3161 ed

216 3200 414 3267 clementiam
436 3205 576 3267 uestram
600 3203 757 3288 dirigeret,
781 3204 840 3269 boe
866 3205 950 3282 feeit,
977 3206 1015 3268 ut
1040 3203 1131 3269 uobis
1157 3202 1339 3267 iubentibus

211 3307 308 3388 atque
332 3307 546 3373 ordinantibus
570 3308 704 3378 adeum
727 3309 853 3392 scripta,
880 3328 959 3393 quae
986 3309 1168 3387 detulimus,
1191 3309 1248 3374 dee
1270 3326 1340 3390 pro·

169 3412 293 3496 gpitio
325 3413 539 3496 perderemus‘,
607 3415 635 3479 si
669 3415 837 3497 imperator
869 3416 996 3498 petierit
1026 3416 1175 3498 epistolas
1208 3413 1345 3480 anobis,

250 3619 267 3672 2
285 3620 399 3673 retinere
413 3620 444 3681 V,
455 3635 522 3675 corr.
538 3617 564 3690 p²
616 3622 632 3675 7
650 3621 771 3676 uideiitis
787 3639 813 3675 o:
828 3620 956 3676 rideretis
969 3627 1001 3676 ut
1013 3621 1123 3677 utamur
1136 3637 1202 3678 corr.
1217 3638 1250 3676 ex
1263 3621 1339 3676 uide·

213 3707 274 3760 ritis
288 3706 315 3759 V
364 3708 380 3761 8
399 3706 551 3763 ntHartel:
571 3711 600 3762 at
617 3709 648 3772 V,
668 3726 699 3764 ac
716 3715 748 3764 ut
764 3711 822 3764 uid.
842 3709 878 3774 ed,
892 3713 939 3763 ent
956 3707 984 3762 ο2
1035 3701 1170 3764 noluerint
1189 3710 1218 3774 V,
1237 3727 1305 3765 corr.
1325 3729 1339 3780 ρ

214 3795 314 3864 equid
331 3795 400 3850 Bar.
457 3797 780 3852 laceratae<nos>13ao
863 3798 1097 3852 intercessionibus
1115 3797 1142 3851 ο2
1199 3799 1230 3852 15
1251 3799 1340 3868 elege-

213 3883 280 3936 retis
302 3883 333 3947 V,
352 3900 418 3939 corr.
438 3902 466 3938 o:
484 3884 620 3954 elegeritis
641 3885 704 3942 Car.
742 3887 774 3940 19
792 3885 951 3956 respondete
968 3886 1037 3941 Bar.
1055 3886 1144 3941 eodem
1161 3887 1240 3941 modo
1259 3888 1340 3941 etiam

215 3970 281 4024 altis
294 3972 359 4025 loeis
372 3971 451 4037 infra
464 3973 654 4041 imperationem
668 3979 760 4028 tmere
772 3973 916 4028 detruderes
950 3974 984 4029 20
999 3975 1056 4046 egit
1069 3978 1114 4041 (ec.
1125 3980 1216 4044 papa)
1229 3959 1355 4043 scripsi?
1384 3963 1386 3966 Α

215 4061 280 4127 aget
298 4058 329 4122 V,
349 4063 431 4128 agent
449 4080 471 4122 o,
491 4063 577 4130 egunt
595 4059 621 4113 ο2
700 4062 731 4116 21
753 4062 938 4132 agnoscetise
1013 4063 1048 4116 24
1066 4064 1128 4132 qnia
1151 4063 1188 4117 V:
1206 4063 1251 4130 qui
1269 4063 1340 4117 Bar.

215 4146 249 4199 29
269 4163 284 4201 e
302 4147 379 4200 nobis
397 4148 477 4214 Bar,
495 4149 543 4203 sed
560 4165 576 4203 e
593 4149 671 4204 uobis
682 4151 818 4221 ¹coniungi
832 4155 921 4220 potest
938 4167 997 4205 curn
1015 4152 1124 4222 petierit
