2864 4620
526 299 612 369 Epist.
632 299 828 355 CCXXXXIIH
846 301 957 355 25-30.
1235 306 1296 370 751

175 494 328 572 asperata.
353 492 504 575 scriptum
528 496 633 557 autem
656 496 705 557 est
726 493 757 557 iu
781 493 850 578 lege
870 493 1024 558 uisiouem
1042 494 1125 564 Mosi
1144 495 1174 558 in
1194 503 1299 560 monte

175 598 277 662 ueluti
301 617 394 678 super
415 597 518 681 lapide
543 598 687 680 sapphiro
711 599 809 663 fuisse
833 600 1031 664 declaratam.

219 723 259 766 33
278 723 390 767 narras
409 723 545 767 3333333.
604 704 704 785 Iaspis
725 708 773 770 est
790 705 871 786 lapis
890 706 980 769 uelut
994 707 1131 787 speciem
1145 706 1301 791 smaragdi
1311 703 1353 767 28

172 811 319 887 referens,
349 811 403 892 qui
426 809 513 891 apud
541 809 622 874 ostia
648 810 886 876 Thermodontis
914 811 1052 876 huminis
1080 812 1238 877 inuenitur
1270 815 1301 876 et

134 916 258 999 sapud
288 916 501 981 Amathunta:
534 935 594 979 nou
627 935 706 996 quae
737 917 768 979 iu
802 915 901 999 Cypro
935 923 993 993 est,
1028 916 1083 982 sed
1118 919 1302 982 naturaliter

171 1023 431 1086 Amathusiorum
464 1021 622 1106 generatio
655 1022 820 1104 multiplex
852 1024 992 1088 habetur.
1026 1023 1077 1088 hic
1109 1043 1183 1089 uero
1219 1022 1300 1106 lapis

171 1128 253 1192 hanc
285 1128 380 1191 hahet
412 1128 563 1210 speciem:
597 1127 656 1192 suh
690 1129 853 1212 smaragdo
887 1131 935 1193 est
965 1129 1205 1194 interniresceus
1244 1129 1301 1193 sed

144 1234 336 1298 -ohtunsior
369 1237 400 1298 et
432 1234 602 1311 obscurior,
634 1234 828 1316 interiusque
862 1253 976 1318 corpus
1006 1236 1101 1300 habet
1132 1235 1232 1302 uiride
1260 1236 1300 1300 ad

168 1340 270 1404 instar
301 1339 457 1424 aeruginis
483 1341 579 1404 >aeris
613 1340 811 1404 delectantur
835 1342 940 1405 autem
968 1342 1160 1424 phantasiae,
1190 1342 1222 1406 id
1251 1346 1299 1407 est

113 1468 150 1510 10
169 1446 414 1527 speculationes,
436 1440 437 1447 '
456 1447 529 1511 huic
570 1446 715 1523 insidere,
758 1447 841 1512 sicut
876 1450 1028 1524 asserunt,
1067 1449 1120 1530 qui
1156 1448 1301 1514 fabulosa
1353 1447 1354 1450 ’

169 1554 427 1617 commemorant.
461 1557 509 1616 est
542 1555 574 1616 et
605 1552 666 1616 3113
696 1553 794 1634 iaspis
823 1552 956 1617 alhidior
983 1573 1076 1636 quarn
1102 1573 1197 1629 mare,
1225 1554 1299 1618 flore
1309 1553 1350 1616 29

167 1677 246 1722 uero
269 1658 467 1740 tinctamque
489 1659 635 1740 pressior.
660 1659 722 1723 3113
743 1679 818 1724 uero
841 1660 872 1723 in
897 1660 1055 1742 speluncis
1079 1659 1151 1724 ldae
1170 1660 1297 1737 montis,

168 1763 227 1844 qui
255 1766 303 1827 est
329 1764 361 1828 in
387 1763 533 1848 Phrygia,
561 1765 717 1847 reperitur
743 1764 856 1829 similis
883 1765 1029 1848 sanguini
1057 1765 1213 1843 cochleae,
1243 1766 1299 1829 sad

166 1869 306 1934 lucidior
321 1871 423 1954 magis
443 1875 475 1934 et
493 1871 594 1935 ueluti
612 1870 745 1935 similior
758 1871 831 1935 uiuo
847 1874 879 1935 et
892 1872 1070 1954 amethysto
1085 1871 1297 1936 rubicundior.

113 1971 232 2042 rs'non
261 1976 342 2040 anim
370 1981 444 2040 sunt
471 1976 565 2040 unius
593 1976 705 2042 coloris
734 1976 936 2059 eiusdemque
964 1977 1132 2058 potentiae,
1160 1977 1299 2041 sedalis

168 2081 298 2162 quidem
330 2082 429 2146 rarior
460 2087 510 2146 est
537 2085 568 2146 et
596 2082 730 2147 albidior
757 2101 850 2165 quam
878 2101 929 2146 aer
955 2082 1044 2160 13331,
1074 2093 1180 2155 (333)
1205 2082 1297 2146 nimis

167 2187 324 2270 effulgens
360 2206 417 2252 nec
451 2187 562 2270 impar,
598 2188 675 2252 item
713 2189 871 2252 caeruleae
906 2188 1104 2267 uibrationis,
1137 2188 1238 2253 ueluti
1268 2190 1297 2252 si

165 2297 311 2373 ternpore
338 2293 451 2358 hiemis
481 2294 518 2358 de
546 2297 628 2358 tenu
650 2313 752 2376 uapor
779 2297 833 2358 aut
859 2295 973 2358 nebula
999 2299 1105 2359 austro
1138 2295 1297 2360 desinente

167 2402 349 2483 consurgat.
379 2400 449 2476 alia,
474 2419 553 2482 quae
577 2400 689 2482 glaciei
713 2400 826 2464 similis
850 2402 909 2478 est,
934 2400 971 2463 ab
995 2400 1055 2478 his,
1078 2401 1132 2484 qui
1155 2401 1298 2465 13131333

113 2531 143 2572 eo
165 2505 300 2588 fingunt,
323 2505 497 2586 phantasiis
522 2506 637 2570 dicitur
659 2524 727 2572 3333
745 2505 928 2570 remedium.
947 2510 1105 2588 repertum
1124 2511 1173 2570 est
1191 2510 1296 2570 autem

165 2610 209 2674 ab
245 2610 371 2675 Hiberis
409 2614 440 2675 et
476 2611 656 2693 pastoribus
691 2611 915 2694 Hyrcanorum,
949 2611 1116 2693 quinimo
1148 2611 1296 2693 Caspium

165 2717 275 2781 solum
302 2717 469 2800 lacumque
498 2718 685 2784 consistunt.
714 2719 763 2783 est
792 2720 823 2780 at
850 2717 929 2781 alter
955 2717 1064 2800 iaspis,
1088 2717 1141 2800 qui
1163 2722 1296 2782 uocatur
1306 2722 1347 2784 30

164 2822 325 2904 oppalius,
365 2822 479 2886 similis
515 2822 642 2888 niuibus
680 2826 735 2887 aut
766 2823 888 2904 spumis
920 2823 1016 2887 maris
1048 2827 1103 2886 aut
1133 2823 1237 2887 ueluti
1268 2823 1294 2886 si

175 3079 177 3084 ’
256 3062 269 3115 1
289 3062 372 3117 113331.
391 3063 434 3127 24,
455 3064 488 3118 10

201 3221 218 3274 5
236 3232 344 3289 nonque
357 3221 385 3276 iu
398 3221 471 3290 cipro
488 3216 526 3273 Vv
564 3220 611 3275 sed
629 3225 727 3276 natura
744 3222 838 3278 litters
854 3223 1047 3277 arethusiorum
1067 3220 1097 3286 V,
1116 3217 1295 3297 3333113393

160 3307 217 3366 scd⁴
227 3308 311 3362 'uliam
328 3325 391 3362 nam
403 3309 621 3363 Amathusiorum
635 3309 765 3379 Dindmf
779 3308 820 3380 (ori
838 3310 889 3382 rho
904 3309 932 3362 13
950 3307 1054 3381 Korope,
1073 3307 1130 3362 ἀλλ’
1149 3304 1203 3362 ἔστι
1218 3307 1293 3380 pisas

160 3393 230 3450 πολὺ
251 3383 409 3468 333λοὺ333333
435 3389 610 3468 ’Apollodorus
631 3397 705 3467 Ep.¹,
728 3397 758 3453 οὐ
780 3417 802 3452 τ.
826 3397 847 3454 i.
870 3390 902 3451 11.
925 3394 983 3450 ἀλλ’
1005 3395 1109 3468 <talpas
1133 3395 1212 3452 3331)
1239 3394 1294 3451 ‘arr

164 3483 247 3554 (γὰρ)
269 3482 344 3555 γένος
365 3489 413 3538 otc.
432 3483 571 3553 Dindorf)
631 3487 646 3539 7
664 3487 732 3538 κατὰ
749 3486 796 3556 τὴν
814 3482 962 3556 3331333113
978 3482 1033 3538 lotz
1048 3482 1211 3555 χλωρίζουσα
1227 3483 1293 3554 Ep*

163 3571 200 3626 10
224 3571 414 3642 speculationis
443 3571 474 3636 V,
500 3587 568 3626 corr.
592 3571 676 3643 Fopp.
764 3572 882 3627 incidere
907 3570 1036 3640 Diodors
1120 3569 1157 3634 ὡς
1176 3565 1291 3625 dhreora

159 3657 311 3731 ὴκοὺσαμιν
329 3652 393 3712 εἶναι
410 3657 553 3729 φαντασίας
570 3659 608 3723 ὡς
624 3659 649 3714 οἱ
661 3659 804 3733 3313131333
816 3658 932 3731 λέγουσιν
946 3658 1146 3728 corrasptcEp.¹
1199 3659 1231 3713 11
1252 3663 1293 3713 331

160 3762 198 3801 ex
215 3750 243 3801 31
264 3747 290 3801 V
359 3747 391 3801 18
405 3747 511 3816 phrigia
534 3747 560 3801 V
628 3749 661 3804 11
683 3748 831 3803 3333111313
852 3748 878 3802 V
947 3749 979 3802 16
1002 3746 1087 3802 rarior
1108 3763 1142 3802 33
1164 3746 1293 3801 ratiorV

163 3835 320 3906 (χαυνοτέρα
335 3834 414 3906 ΕΡᾹ)
470 3852 519 3890 uec
536 3837 641 3892 irasmi
656 3837 803 3892 amodum
819 3837 886 3906 Ep.¹
904 3831 963 3890 aire
981 3833 1047 3890 33133
1072 3832 1210 3904 στίλβουσα
1234 3830 1292 3887 οὔτε

160 3918 239 3974 πολιν
257 3919 402 3976 &cenosa
508 3924 540 3978 17
561 3930 625 3992 post
641 3926 728 3994 impar
745 3925 914 3994 iaterpmi:
933 3940 981 3980 nec
1000 3924 1086 3994 impar
1103 3912 1169 3976 item
1188 3922 1292 3976 cerulea

160 4007 313 4064 uibrslione
326 4010 395 4066 coni.
409 4009 493 4080 Fopy.
536 4012 734 4079 bibrstiouisV
769 4014 802 4067 19
820 4013 907 4082 glacie
929 4013 960 4075 V,
979 4028 1047 4066 corr.
1065 4010 1147 4080 Fopp.
1184 4009 1291 4064 3133-

160 4112 287 4151 canorum
309 4097 336 4151 V
354 4159 367 4182 ⁹
398 4098 433 4152 22
451 4099 497 4168 qui
514 4098 613 4169 neap:
633 4115 686 4169 que
707 4100 733 4154 V
795 4100 829 4154 23
848 4100 968 4170 oppulius
986 4099 1098 4169 compsi:
1115 4097 1237 4168 appellus
1260 4098 1292 4163 V,

160 4180 285 4254 03311133
297 4185 401 4257 ,113333
418 4184 431 4238 ὁ
450 4186 559 4249 aulaeis
577 4188 644 4258 Ep.¹
662 4194 787 4258 corrupte
837 4189 952 4243 nauibus
975 4187 1000 4239 V
1014 4203 1081 4242 corr.
1100 4186 1185 4257 Foyp.

151 4367 152 4370 Ἴ
214 4309 295 4350 xxxv
308 4320 363 4358 pm
375 4312 395 4349 a.
1183 4289 1220 4343 48
