2864 4620
513 319 597 388 apae.
617 315 734 372 oovrs
754 345 785 357 -
805 316 948 374 corma
1228 321 1290 385 667

169 513 251 579 bona
278 512 383 578 studia
409 513 595 596 profuerunt
620 530 730 577 uerum
759 511 851 576 etiam
882 512 1013 576 collatae
1041 511 1102 577 sibi
1126 531 1144 577 a
1166 511 1290 578 domino

171 619 320 700 obtinere
337 619 496 701 nequeunt
523 617 626 683 officia
653 617 815 702 dignitatis
843 620 875 682 et
901 619 1036 683 extorres
1065 637 1083 683 a
1114 617 1290 684 commissis

170 724 231 798 sibi
246 724 395 809 gregibus
406 723 515 788 subire
530 726 686 807 coguntur
697 723 840 788 miserias
860 722 1086 793 damnatorum.
1106 726 1292 807 quapropter
1315 719 1333 781 5

170 821 361 915 quaesumus
386 833 417 894 et
438 848 495 912 per
518 829 656 898 diuinam
678 847 736 893 uos
759 828 1005 894 misericordiam
1028 830 1233 912 obtestamur,
1255 832 1293 894 ut

137 957 151 997 a
170 951 275 1003 eorum
292 955 509 1018 causae‚.qnae
523 936 608 1000 iusta
622 938 680 1012 est,
696 955 854 1000 summum
872 933 1128 1018 patrociniorum
1144 936 1291 1018 probatae

167 1043 349 1128 uiuacitatis
380 1042 569 1124 impendatis
602 1041 749 1106 affectum
780 1040 916 1124 piissimi
951 1041 1101 1124 principis
1135 1042 1290 1106 haerendo

167 1149 325 1233 uestigiis,
345 1153 500 1232 quatenus
519 1167 573 1214 eos
591 1148 717 1212 tandem
736 1147 803 1212 suis
821 1148 963 1213 ecclesiis
983 1151 1013 1213 et
1030 1148 1157 1230 piatatis
1174 1147 1291 1212 intuitu
1315 1147 1316 1151 ’

168 1259 200 1327 et
211 1255 354 1321 iustitiae
369 1255 630 1338 contemplatione
643 1253 801 1332 restituat,
817 1254 890 1335 quia
906 1255 943 1319 in
957 1255 1083 1319 illorum
1103 1253 1292 1319 contumelia

167 1363 205 1426 ab
219 1361 356 1439 inimicis
372 1362 523 1427 asseritur
541 1363 683 1443 optatum
702 1363 826 1425 nostrae
846 1359 1073 1426 communionis
1093 1358 1291 1442 displicuisse

122 1489 150 1529 ao
168 1469 371 1534 consortium.

208 1800 366 1846 axnnrnul
392 1800 573 1846 autument!
595 1801 750 1846 nouorum
775 1799 917 1847 urlsuorl
939 1798 1244 1845 nnusssuonrcnnsls

210 1923 408 1969 ssucrrssmo
440 1924 482 1969 nc
513 1923 693 1977 auurrssmo
724 1924 819 1968 aanor
840 1923 879 1968 nr
913 1920 1187 1968 counrrusnmuonr
1215 1919 1289 1978 *uon-

163 2028 278 2074 msnsn
308 2026 485 2076 nononnuus
516 2021 564 2074 ur
581 2029 694 2075 nonme
728 2029 873 2077 sunurnn.
939 2009 1097 2093 Propositi
1128 1999 1227 2089 nostri
1259 2010 1291 2073 et

117 2115 314 2181 sacrationis
338 2118 388 2180 est
409 2121 567 2185 summum
592 2116 743 2193 studium,
773 2136 829 2200 per
849 2117 954 2184 onmia
974 2114 1156 2180 beatimime
1184 2115 1216 2177 et
1241 2115 1290 2177 ter

162 2221 255 2286 beato
285 2223 387 2304 pater,
416 2222 448 2286 et
480 2221 614 2287 scribens
643 2222 821 2304 frequenter
852 2222 891 2287 ad
920 2239 979 2287 uos
1011 2218 1225 2286 sanctissimos
1258 2220 1293 2293 et¹

159 2328 274 2391 ‘mutua
305 2325 417 2392 mereri
448 2326 603 2409 colloquia
635 2331 672 2393 ot
701 2329 787 2393 nullo
817 2331 963 2410 tempore
1000 2329 1136 2392 exortem
1168 2345 1218 2390 me
1250 2325 1287 2389 ab

162 2428 346 2496 huiusmodi
375 2431 498 2496 laetitia
529 2450 599 2497 esse
631 2432 789 2499 condecet.
831 2431 977 2517 quoniam
998 2432 1097 2517 igitur
1123 2431 1289 2496 manifeste
1310 2435 1332 2496 -2

162 2537 297 2620 cognoui
329 2537 481 2619 quosdam
513 2540 637 2604 sanctm
669 2557 759 2604 aures
790 2542 913 2604 uestras
945 2538 1126 2622 perturbare
1159 2537 1191 2602 et
1223 2536 1288 2602 scio

113 2664 143 2703 ao
160 2642 272 2724 procul
304 2642 409 2721 dubio,
442 2662 501 2708 uos
523 2643 555 2708 in
579 2637 724 2712 omnibus
755 2663 824 2709 esse
854 2643 1010 2728 perfectos
1043 2646 1079 2709 etx
1106 2643 1179 2725 quia
1209 2631 1295 2708 nihii

161 2747 229 2813 sine
250 2746 368 2814 iudicio
391 2748 497 2814 audire
519 2749 649 2832 possitis
667 2768 728 2830 ¹nec
744 2749 810 2814 ulli
831 2750 957 2833 penitus
979 2751 1122 2816 uestrum
1151 2749 1288 2815 animum

161 2853 407 2932 accommodare,
432 2857 464 2919 et
485 2858 523 2920 ut
552 2874 613 2927 non
645 2854 784 2939 amplius¹
811 2875 869 2938 per
902 2855 1149 2924 taciturnitatem
1181 2855 1288 2940 largiri

158 2957 285 3042 tempus
308 2958 416 3024 uidear
441 2957 517 3040 illis,
541 2960 595 3045 qui
622 2960 701 3026 nihil
723 2961 850 3044 quidem
873 2981 891 3025 a
913 2961 1003 3026 nobis
1028 2961 1108 3027 laesi
1126 2963 1205 3026 sunt
1231 2962 1296 3027 sed,

160 3063 227 3128 sine
250 3083 346 3130 eausa
368 3067 401 3130 et
423 3067 578 3148 superflue
602 3066 754 3133 aduersus
776 3087 834 3133 nos
857 3066 969 3132 armati
992 3070 1082 3132 sunt:
1106 3067 1163 3134 deo
1182 3069 1286 3133 tamen
1309 3071 1330 3134 3

113 3190 142 3232 aa
159 3171 194 3234 et
214 3172 337 3234 uestrae
361 3171 521 3239 satisfacio
538 3173 715 3252 sanctitati,
739 3174 813 3257 quia
830 3194 886 3256 pro
904 3173 1041 3239 Iohanne
1058 3174 1128 3239 uiro
1143 3190 1286 3240 reuersa*

158 3274 294 3341 tissima
311 3275 468 3360 episcopo,
497 3279 551 3360 qui
577 3264 671 3362 paulo
696 3282 767 3344 aute
795 3298 813 3344 a
839 3283 946 3344 uestra
971 3279 1142 3344 uenerabili
1175 3297 1287 3344 corona

159 3378 296 3446 directus
324 3385 382 3461 est,
415 3383 646 3465 praedestinaui
672 3404 723 3450 me
749 3385 898 3467 periculis
926 3389 958 3451 et
983 3388 1117 3450 mortem
1149 3385 1286 3450 sustinui

158 3488 191 3550 et
211 3499 315 3561 meam
337 3507 392 3569 pro
416 3488 485 3552 eius
505 3490 570 3555 scio
588 3509 638 3555 me
658 3490 812 3557 obiecisse
831 3492 964 3557 animam
984 3494 1016 3556 et
1031 3491 1092 3557 hoc
1110 3490 1287 3556 ostenditur

157 3592 261 3676 gestis,
276 3593 308 3657 'ct
326 3611 362 3658 ex
380 3593 440 3671 his,
465 3594 519 3679 qui
542 3613 730 3678 quamquam
748 3615 805 3679 per
822 3615 925 3667 meam
943 3597 1115 3662 absentiam
1138 3596 1285 3661 acerrime

192 3818 208 3872 8
227 3818 413 3872 contumeliam
433 3819 494 3873 edit.
512 3835 566 3891 rep.¹
1014 3897 1016 3901 Α

190 3904 259 3960 208.
331 3906 397 3960 Dat
424 3924 450 3960 a.
473 3910 532 3961 520
553 3924 641 3965 mense
657 3910 728 3978 Aup.
747 3915 778 3971 ut
795 3909 912 3963 uidetur.
983 3907 1283 3977 Ead,0ar51¹546,·

150 3993 227 4051 Bor.
242 3993 281 4048 ad
293 4011 319 4048 c.
336 3998 401 4058 520,
418 3999 472 4060 61,·-
483 3995 590 4050 Oollcot.
608 3996 724 4063 Cassiis
739 3997 817 4051 saie
831 3999 900 4054 940.
942 3999 975 4053 12
986 4011 1248 4070 massanomcarrsxs
1260 3997 1292 4054 V·

152 4108 189 4162 218
215 4107 323 4190 tacticip
353 4109 396 4175 V„
414 4127 483 4165 corr.
511 4111 568 4177 cod.
596 4112 716 4182 Aopclic.
805 4113 839 4187 22
867 4079 1023 4170 acomd‘dare
1051 4114 1077 4167 V
1140 4117 1175 4175 ¹et
1196 4104 1247 4170 dcc.
1266 4132 1296 4168 c-

154 4196 189 4250 29
208 4196 371 4265 abscentiam
392 4197 419 4252 V
1309 4198 1312 4206 ⁴
