2864 4620
512 265 596 334 Epist.
616 265 733 320 cxxxx
754 267 865 322 ιιι-ιτ.
1185 275 1248 336 583

121 450 207 518 οὐδὲν
236 451 321 540 ἧττον
352 459 403 519 καί
429 466 480 519 τού
509 455 566 533 ίοῶ,
598 455 708 521 Ξενέαν
723 509 725 512 ,
742 462 790 522 τύν
826 453 1032 545 Ἱεραπολίτην,
1065 460 1166 547 Κύρον
1199 465 1248 526 τὸν

122 557 256 644 Ἐδέσης,
279 557 392 643 Πέτρον
422 562 470 623 τύν
500 560 659 645 Απαμείας
685 558 720 626 ού
751 567 840 648 μύνον
863 559 933 646 ὑπὲρ
962 575 1015 650 τῆς
1038 563 1148 638 οἰκείας
1170 564 1249 629 ἀλλά
1276 617 1278 620 ,

111 659 172 758 Ικυιί
201 659 272 748 ὑπὲρ
302 675 356 749 τῆς
383 675 442 729 τῶν
471 663 570 728 ἄλλων
599 662 708 749 ὁμοίως
738 664 887 740 ἀπωλείας
909 673 1125 752 κατακριτέους,
1149 667 1249 742 οἵτινες

120 765 151 841 έν
173 763 236 852 δσιρ
259 765 382 841 ἑαυτούς
403 780 465 840 τοῖς
488 764 587 853 ήύτοις
609 778 662 855 τῆς
683 768 761 841 ἰδίας
780 771 871 858 δόξης
886 769 1044 844 ἀπαύστως
1058 771 1248 853 ἐγκυλίυυσιν,

88 868 233 943 ιάλλους
256 867 368 955 ὁμοίως
390 870 419 933 ἐν
441 881 483 956 τῑρ
506 871 652 935 διδάσκειν
666 874 734 947 τούς
754 884 855 946 κακῶς
869 871 968 948 αύτοῐς
982 872 1249 960 ἀκολουθήσαντας

119 974 277 1060 ἐμόλυναν.
349 973 399 1038 διά
420 985 536 1060 γενικῆς
559 977 765 1061 σωτηριῶδυυς
788 977 911 1064 ἐντολῆς
934 974 999 1065 ύμῖν
1021 989 1164 1063 παραινῶ·
1195 985 1302 1050 πᾱνὶύ

120 1073 215 1162 ὁτιοῦν
246 1077 277 1151 ἐξ
306 1078 437 1152 ἐναντίας
466 1089 522 1142 τῶν
544 1091 691 1164 πατρικῶν
713 1085 845 1144 κανόνων
869 1081 899 1155 ἐξ
922 1081 1100 1169 οἱανδήποτε
1123 1079 1249 1169 ύπομνη·

120 1187 221 1270 μάτων
247 1186 454 1269 προενεχθείη,
485 1185 660 1249 ἀπώσασθε.
692 1187 795 1272 μηδείς
823 1181 901 1271 ύμᾱς
929 1185 1130 1273 ἀπροσφόροις
1158 1209 1250 1271 προσ·

112 1289 262 1375 ’τάγμασιν
285 1285 304 1372 ή
327 1292 479 1372 νεωτέροις
497 1284 636 1372 δρίσμτισι
653 1293 821 1353 καύνισάτω·
842 1289 867 1353 εί
886 1295 937 1375 μὲν
956 1295 1012 1374 γάρ
1031 1289 1087 1354 είσι
1103 1292 1249 1382 κυσμικοί,

74 1415 101 1454 ιο
118 1393 171 1483 καί
200 1389 234 1456 ού
265 1394 401 1456 δύνανται
430 1396 484 1464 τάς
513 1391 675 1469 ἐκκλησίας
703 1399 848 1479 κατέχειν,
872 1393 970 1480 ἐπειδή
993 1397 1106 1466 τούτοις
1128 1391 1251 1479 ἀρμύζει

119 1495 154 1559 τὸ
177 1495 371 1559 διδάσκεσθαι
392 1495 506 1579 μᾶλλον
528 1493 548 1579 ή
572 1496 735 1559 διδάσκειν..
752 1500 893 1581 ἀθέμιτον
915 1500 970 1581 γάρ
994 1494 1056 1569 τοῖς
1078 1499 1250 1580 σεβασμίυις

118 1602 341 1685 θυσιαστηρίυις
371 1600 456 1671 ξένας
488 1603 662 1686 προσφέρειν
691 1601 830 1679 σπονδὰς,
854 1599 951 1683 ἐπειδή
976 1612 1080 1686 σαφεῖς
1103 1596 1250 1682 εύσεβέσιν

120 1703 294 1789 ἐπιστήμαις
317 1699 406 1787 ὅρους
429 1699 471 1775 <ύ
493 1705 589 1776 θεὸς)
616 1702 652 1766 ἐνΙ
668 1698 768 1775 αύτοῐς
791 1700 903 1789 ὁμοίως
925 1712 980 1788 τίηςΙ
998 1702 1075 1774 ίδίας
1090 1712 1176 1789 τιμῆς
1189 1715 1251 1773 τοῖς

118 1809 281 1891 προοιμίοις
302 1811 480 1891 προέγραψε.
505 1807 611 1892 μεταξύ
635 1806 765 1870 Λευιτῶν
786 1810 838 1873 καὶ
859 1815 909 1869 τού
933 1806 1041 1870 οίκείου
1064 1810 1141 1870 λαοῦ
1164 1806 1252 1869 διεῖλε

70 1933 98 1973 ιιι
118 1908 172 1993 τήν
200 1912 379 1994 λειτουργίαν
420 1909 498 1996 άλλη
530 1909 603 1973 ἐστίν
633 1908 652 1997 ιή
676 1921 733 1974 τῶν
763 1913 928 1994 ἀνθρώπων
959 1909 1086 1988 ἐξουσία,
1110 1909 1200 1973 ἄλλαι
1221 1906 1252 1972 αἱ

120 2009 277 2097 ὑπηρεσίαι
304 2025 360 2078 τῶν
390 2013 500 2099 ἱερέων.
535 2015 687 2098 παρώξυνε
711 2015 824 2098 μᾶλλον
846 2018 895 2077 τὸν
917 2017 1017 2099 κύριον
1039 2011 1113 2099 ἥπερ
1137 2013 1251 2086 ἐξιλεῶ-

119 2134 203 2201 σατυ,
227 2117 261 2189 ὃς
291 2115 445 2203 ἀλλύτριον
477 2129 532 2204 πῦρ
564 2119 593 2182 ἐν
621 2132 682 2190 τοῖς
711 2121 803 2192 θείοις
830 2117 946 2190 ἀδύτοις
976 2121 1012 2181 τά
1034 2114 1098 2201 ἱερά
1121 2118 1251 2202 μολύνας

120 2219 326 2304 ἐπεισήνεγκε.·
340 2227 383 2293 τίς
405 2224 490 2306 ἐστιν,
515 2223 549 2294 ὃς
572 2220 665 2306 ἑαυτήν
689 2221 718 2285 έν
741 2223 907 2306 ἀλλοτρίοις
929 2223 1110 2305 θεσπίσμασι
1130 2230 1182 2285 τού
1203 2229 1303 2293 xta-17

118 2308 213 2388 λεύειν
236 2327 287 2411 τήν
311 2321 466 2390 αύθεντίαν
490 2328 608 2390 δύναται
629 2327 823 2411 προσλαβείν;
846 2329 897 2389 καί
918 2329 973 2409 γὰρ
997 2320 1052 2388 υύκ
1074 2323 1149 2389 ἔστιν
1165 2321 1252 2410 ἀμφί-

66 2456 98 2496 ευ
122 2421 211 2511 βολον
239 2435 444 2517 προσφέροντα
473 2432 557 2516 τιμήν
579 2435 844 2516 κεχρεωστημένην
869 2426 940 2512 ύπέρ
965 2434 1059 2515 μόνης
1080 2438 1134 2514 τής
1155 2427 1253 2513 ἐγχει-

120 2534 236 2616 ρήσεως
265 2542 318 2618 τής
344 2534 526 2618 λειτουργίας
554 2538 785 2620 τετιμωρῆσθαι.
816 2533 845 2597 ἐν
876 2544 916 2617 τῖρ
945 2543 1010 2618 ναή)
1040 2531 1141 2605 Ὀζίας
1164 2530 1192 2594 ὲν
1215 2544 1251 2616 τη

120 2631 262 2721 εύλαβείη
291 2640 342 2701 καί
370 2649 406 2722 τη
438 2633 583 2724 ὑπηρεσία
612 2639 749 2722 διέμεινεν
792 2637 818 2700 εί
840 2639 873 2700 δέ
894 2640 1089 2724 νουθετηθείς
1117 2645 1158 2720 τῶ
1182 2629 1254 2705 ὑπο-

120 2739 252 2824 δείγματι
272 2748 326 2825 τής
347 2741 495 2826 τοσαύτης
517 2739 701 2824 ἐπιπλήξεως
723 2738 781 2803 ἀπο
805 2751 862 2804 τῶν
884 2737 970 2824 ἱερῶν
994 2740 1152 2813 διατάξεων
1180 2738 1252 2826 ’ἐφο

120 2843 202 2927 βήδη
227 2843 341 2927 μᾶλλον
364 2840 383 2929 ἢ
406 2844 609 2929 κατετύλμησε
632 2845 751 2926 τούτων,
775 2841 892 2928 ἄμεινον
909 2841 944 2907 ἀν
961 2842 1150 2926 ἐβασίλευσεν
1183 2841 1251 2905 ἀλλ’

155 3029 349 3102 δέδαὶσσηςυ
438 3030 553 3094 υἱκίαςο
627 3032 689 3095 Ne
708 3051 768 3087 aeo:
788 3033 810 3086 εί
828 3033 856 3095 ἐξ
873 3034 911 3102 gh
982 3031 1174 3086 8ἀπῶεασδαι
1191 3032 1215 3086 h.
1229 3038 1254 3086 et

121 3125 186 3174 ακίο
203 3120 430 3190 correctionemg
481 3120 513 3174 12
534 3130 660 3194 σαρῶςυ
711 3123 743 3176 13
759 3121 772 3174 ὁ
791 3124 855 3185 θεὸς
875 3122 974 3176 addidi
1023 3123 1057 3175 14
1075 3117 1172 3175 υίκείσυ,
1187 3121 1252 3190 agh:

119 3200 185 3279 ἰδίου
203 3223 235 3261 eo
273 3208 306 3260 16
325 3207 460 3279 ὑπηρεσίαι
477 3215 528 3260 τῶν
548 3207 637 3280 ἱερέων
657 3210 722 3280 agh:
741 3218 793 3265 τῶν
812 3208 900 3280 ἱερέων
920 3209 1054 3281 ὑπηρεσίαι
1073 3226 1104 3263 eo
1143 3209 1174 3269 19,
1188 3215 1253 3278 ροσί

120 3292 266 3367 ἀμφίβολον
286 3295 350 3350 add.
369 3314 393 3348 τι
412 3313 443 3350 eo
524 3298 559 3352 20
576 3297 653 3368 τιμήν
666 3298 734 3368 (μή)
746 3296 978 3369 κεχρεωστιημένην
997 3296 1033 3366 gh
1093 3298 1126 3350 21
1145 3295 1252 3366 τετιμω-

120 3382 259 3453 ρεῑσδαιυ
330 3381 357 3434 ἐν
375 3375 462 3439 ουκὶι
515 3386 551 3438 24
570 3381 673 3457 ἄμεινον
693 3401 726 3440 ατ
745 3381 876 3456 ἀμορονυ
