2864 4620
210 250 274 314 678
473 245 616 316 suggestio
635 245 760 300 Germani
779 249 829 300 etc.
848 245 882 300 ad
901 247 1068 300 Hormisdam

210 443 465 524 postea<quam)
499 440 551 504 hic
583 440 762 506 defecerunt
801 441 954 525 adsignati
996 441 1033 504 ab
1072 442 1216 506 omnibus
1254 442 1337 506 nihil

210 543 375 630 pacificum
420 547 566 632 cogitare,
603 546 642 611 ad
685 547 911 612 beatitudinem
951 548 1089 612 uestram
1130 552 1338 612 cucurrerunt

211 656 369 737 sperantes
384 653 543 737 subripere
555 656 653 737 etper
664 653 786 718 litteras
805 656 928 718 uestrae
948 653 1031 718 sedis
1050 673 1124 718 suas
1142 655 1336 720 intentiones

167 763 186 827 6
210 759 401 825 confirmare.
467 759 522 824 isti
549 759 587 824 de
615 779 673 824 sua
698 759 860 841 prouincia
883 759 1046 842 episcopos
1069 763 1227 838 accusant,
1251 761 1337 825 inter

210 884 288 949 quos
325 869 374 931 est
408 866 560 931 Paternus
597 864 778 930 Tomitanae
814 865 955 930 ciuitatis
992 866 1131 932 antistes.
1162 867 1335 949 petitiones
1371 892 1384 931 s

211 971 392 1038 obtulerunt
427 975 459 1037 et
494 972 594 1037 coacti
629 972 767 1055 piissimi
798 971 947 1054 principis
980 975 1013 1036 et
1043 972 1149 1038 domni
1179 972 1336 1039 Uitaliani

209 1078 353 1164 magistri
382 1078 521 1144 militum
551 1078 692 1150 iussione
723 1080 901 1161 frequenter
932 1077 970 1142 ad
1002 1079 1191 1143 audientiam
1218 1098 1358 1150 causae,

210 1182 425 1262 conuenimus,
448 1203 508 1248 non
532 1185 622 1267 quasi
642 1187 784 1251 uolentes
807 1185 839 1248 in
862 1185 912 1249 his
934 1184 1071 1268 negotiis
1093 1204 1150 1250 nos
1169 1191 1335 1267 occupare,

211 1288 285 1371 quia
311 1289 400 1354 nobis
429 1293 502 1354 suut
530 1291 601 1355 ante
628 1287 736 1356 oculos
763 1290 969 1356 beatitudinis
1001 1293 1125 1356 uestrae
1156 1294 1335 1374 praecepta,

211 1395 325 1478 quibus
347 1395 561 1480 praecepistis,
584 1398 624 1461 ut·
643 1415 755 1461 causae
778 1399 912 1474 tantum,
931 1396 986 1462 ubi
1004 1415 1199 1474 ueneramus,
1217 1395 1337 1462 intenti
1353 1422 1380 1463 10

209 1502 307 1567 nullis
335 1503 406 1572 aliis
433 1503 569 1586 negotiis
592 1502 806 1581 misceremur,
831 1503 886 1569 sed
909 1505 1070 1585 sperantes
1091 1521 1185 1585 posse
1206 1502 1338 1567 intenti·

167 1605 185 1667 7
211 1627 284 1676 oues
307 1607 541 1691 corumpacari
564 1607 684 1674 adhoc
708 1608 935 1674 descendimus.
1004 1611 1036 1673 et
1059 1608 1133 1690 quia
1158 1607 1249 1673 nobis
1278 1607 1336 1672 diu

208 1715 423 1782 laborantibus
461 1718 493 1779 et
527 1713 592 1779 illis
628 1714 749 1780 nullam
784 1707 1031 1798 suscipientibus
1067 1715 1218 1779 rationem
1253 1714 1337 1779 nihil

209 1821 399 1905 proficiebat,
421 1821 453 1885 in
481 1839 543 1902 quo
570 1807 786 1900 tendebamus,
814 1820 1078 1887 clementissimus
1104 1820 1280 1903 imperator
1300 1820 1335 1884 in

211 1930 366 1993 conuentu
401 1925 538 2009 publico,
574 1925 629 1992 ubi
666 1929 698 1991 et
733 1946 790 1992 nos
826 1927 978 1993 interesse
1018 1927 1122 2004 iussit,
1161 1926 1336 1992 Paternum
1355 1950 1381 1990 15

210 2032 404 2115 praedictum
423 2031 606 2115 episcopum
623 2034 655 2096 et
667 2031 868 2117 magnificum
883 2031 987 2096 uirum
1003 2032 1197 2098 Uitalianum
1209 2030 1338 2096 reduxit

211 2138 250 2202 ad
276 2139 426 2222 gratiam3
455 2143 653 2216 accusatores
681 2156 804 2220 quoque
832 2137 900 2202 eius
923 2156 981 2203 suo
1004 2138 1162 2220 praecepit
1185 2137 1336 2223 episcopo

211 2244 397 2327 supplicare.
420 2243 565 2309 monachi
583 2262 657 2308 uero
676 2263 749 2308 cum
768 2243 915 2309 similiter
932 2244 971 2308 ad
990 2244 1188 2310 concordiam
1206 2262 1336 2326 quaere-

209 2351 326 2426 rentur,
344 2348 421 2433 fuga
438 2348 520 2431 lapsi
538 2349 716 2414 maluerunt
738 2349 776 2413 de
799 2349 927 2415 ciuitate
951 2348 1162 2422 disce<de>re
1180 2369 1275 2431 quam
1294 2351 1338 2414 ad

167 2454 407 2524 8cbncordiam
446 2455 620 2537 peruenire.
690 2473 878 2540 magnopere
918 2454 1069 2538 praedicti
1108 2455 1253 2520 monachi
1295 2458 1338 2521 ad
1355 2491 1383 2531 20

209 2561 333 2625 Italiam
359 2560 522 2625 uenientes
550 2560 709 2643 aliquanta
735 2561 874 2644 capitula
898 2579 1068 2644 proponere
1094 2561 1219 2640 habent,
1251 2562 1338 2626 inter

210 2685 289 2747 quae
317 2668 350 2731 ot
376 2667 482 2730 ‘unum
509 2665 548 2730 de
575 2663 714 2731 trinitate
741 2667 933 2732 crucifixum‘
960 2667 1146 2744 continetur,
1170 2671 1336 2750 sperantes

208 2773 256 2839 ita
277 2771 453 2838 confirmari
476 2791 511 2836 er
534 2772 718 2837 auctoritate
741 2773 946 2839 beatitudinis
968 2776 1103 2838 uestrae.
1132 2773 1215 2837 sicut
1241 2777 1273 2837 et
1301 2774 1336 2840 in

211 2879 281 2944 aliis
312 2877 427 2943 litteris
456 2877 715 2962 significauimus,
743 2881 775 2942 et
801 2878 895 2965 modo
922 2878 982 2944 hoo
1010 2877 1154 2953 dicimus,
1181 2879 1337 2945 utnulla

96 2987 97 2990 ’
210 2985 334 3050 nouitas
358 2983 471 3049 assde
495 2983 667 3067 apostolica
690 2983 853 3061 scribatur,
877 2982 951 3066 quia
972 2985 1004 3048 et
1025 3001 1082 3049 nos
1106 2985 1176 3048 ante
1199 2984 1336 3065 impera·
1354 3014 1384 3062 25

167 3094 309 3162 9torem
345 3093 377 3154 et
414 3093 484 3154 ante
521 3092 664 3155 senatum
700 3089 760 3156 hoc
795 3089 1005 3156 iudicauimus
1042 3089 1197 3154 dicentes:
1238 3092 1338 3157 ‘extra

210 3195 345 3280 synodos
373 3199 530 3279 quattuor,
559 3200 644 3260 extra
670 3196 821 3278 epistolas
847 3214 946 3279 papae
973 3196 1085 3260 Leonis
1112 3213 1169 3260 nec
1196 3195 1336 3263 dicimus

209 3322 267 3369 nec
289 3301 500 3380 admittimus;
525 3302 674 3385 quicquid
692 3322 752 3367 non
770 3302 950 3368 continetur
966 3301 998 3366 iu
1016 3301 1184 3383 praedictis
1203 3303 1336 3386 synodis

209 3412 265 3473 aut
297 3408 379 3492 quod
406 3427 466 3487 non
495 3411 544 3474 est
560 3408 722 3492 scriptum
750 3428 769 3474 a
794 3426 885 3493 papa·
900 3407 1013 3485 Leone,
1040 3426 1100 3473 non
1128 3406 1336 3490 suscipimus,

210 3515 285 3597 quia
306 3514 335 3581 si
356 3515 493 3580 uoluerit
516 3514 647 3581 domnus
670 3518 777 3581 noster
799 3512 975 3596 qualemuis
994 3514 1168 3579 nouitatem
1187 3512 1335 3593 scribere,
1353 3549 1383 3590 ω

208 3620 299 3703 peius
331 3619 391 3686 erit
419 3620 506 3686 istud
536 3621 662 3688 initium
693 3640 787 3704 quam
816 3619 908 3698 illud,
939 3619 1025 3702 quod
1054 3620 1172 3686 laetum
1200 3621 1250 3683 est
1276 3638 1336 3702 per

246 3841 360 3910 lquam
378 3839 477 3895 addidi
544 3839 608 3896 hinc
626 3839 804 3920 discesmrunt
821 3838 898 3907 Bar,
961 3839 1171 3910 3subreperep
1234 3842 1335 3896 otha-

209 3927 310 3998 mitane
332 3928 358 3980 l'
462 3929 495 3984 10
512 3928 559 4000 ubi
580 3928 618 3984 V.-
635 3929 678 3983 cui
696 3928 765 3982 Bar.
865 3929 897 3981 12
915 3929 1020 3997 peccari
1043 3927 1069 3981 V
1150 3929 1182 3984 15
1199 3928 1335 3986 interesse

209 4015 288 4070 iussit
303 4017 413 4086 seipsi:
429 4017 578 4071 interrussit
595 4033 653 4070 esse
676 4016 708 4081 V,
725 4015 892 4070 interfuimus
914 4015 976 4071 Gar.
1011 4017 1046 4069 19
1065 4015 1165 4070 discere
1183 4015 1215 4081 V,
1233 4034 1303 4074 corr.
1320 4039 1335 4072 o

210 4129 244 4184 25
261 4126 316 4202 nup
339 4131 382 4185 r,
415 4133 448 4186 cr
466 4097 509 4187 ιῖἷι
529 4130 559 4186 ι’
605 4112 637 4187 3'1
656 4131 763 4184 inicum
786 4131 822 4185 r.-
839 4131 935 4184 urcium
954 4128 1022 4184 nar.
