2864 4620
69 277 71 280 Ι
142 358 144 363 ,
232 295 310 360 702,
586 267 591 317 ‘.
655 289 797 358 Exemplar
813 249 921 359 precum
990 269 1009 368 Ἰ

143 473 160 557 s
232 487 369 569 amplum
402 484 462 550 sibi
495 502 530 548 ac
561 482 713 548 festiuum
743 482 872 560 iudicet,
909 482 937 545 si
972 484 1099 565 corpore
1135 481 1222 564 prius
1260 479 1360 563 quam

186 590 377 681 treligioso
406 590 538 655 desistat
565 573 719 654 consilio?
746 588 836 654 nobis
864 584 990 671 quidem
1017 587 1142 652 uidetur
1173 606 1254 670 opus
1286 606 1361 652 esse

231 698 358 762 mollius
383 695 495 780 agendi
517 697 550 759 et
573 695 768 760 clementius.
788 709 867 778 quae
886 695 914 760 si
931 713 991 759 non
1008 695 1040 758 in
1059 697 1116 758 tua
1133 688 1360 772 sanctitudine,

152 848 154 853 -
230 803 293 867 ism
319 821 377 866 nec
403 802 436 866 in
464 800 524 867 alio
552 803 700 885 poterunt
726 786 869 866 inueniri.
898 820 969 864 nam
996 819 1096 883 neque
1128 799 1291 884 sanguinis
1327 801 1362 864 et

230 908 456 991 suppliciorum
489 908 605 990 cupidi,
638 907 722 990 quod
753 900 841 972 dictu
872 907 965 972 etiam
999 926 1094 991 gneum
1121 908 1184 984 est,
1209 905 1360 972 libellum
1390 926 1403 967 s

181 1091 183 1095 y
231 1014 429 1097 suscepimus
458 1032 555 1095 neque
581 1017 628 1084 ut·
644 1032 741 1095 paruo
770 1013 948 1079 discrimine
970 1016 1149 1089 remaneant
1170 1012 1360 1096 imperfecta

230 1116 412 1185 concordiae
426 1119 587 1198 desideria,
608 1120 663 1184 sed
682 1120 721 1184 ad
737 1118 962 1204 prorogandam
981 1139 1041 1202 quo
1060 1137 1230 1203 possumus
1248 1117 1360 1184 ordine

230 1216 482 1291 coniunctionem
494 1226 706 1291 membrorum
721 1225 880 1291 ecclesiae.
899 1228 1004 1290 utrum
1017 1223 1125 1308 itaque
1142 1224 1358 1309 praestantius

146 1333 148 1338 ’
230 1332 290 1396 erit
325 1331 480 1397 minorum
514 1331 636 1415 gratia.
653 1332 685 1396 in
717 1335 819 1398 totum
852 1351 921 1397 esse
953 1332 1043 1412 nobis
1075 1318 1217 1396 abiectas
1250 1333 1359 1399 tentas

114 1429 117 1434 ’
182 1512 196 1523 ,ι
230 1436 449 1502 multitudines
473 1457 511 1503 an
534 1437 692 1503 concessis
716 1437 836 1522 exiguis
860 1441 892 1504 et
913 1438 1053 1503 remissis
1075 1437 1193 1503 maiora
1215 1439 1249 1502 et
1270 1438 1359 1505 omni
1375 1460 1400 1500 ro

228 1544 361 1609 ratione
380 1542 555 1625 quaerenda
586 1542 710 1628 corrigi,
741 1546 788 1620 ut,
821 1562 900 1626 quae
928 1562 991 1608 non
1022 1543 1113 1609 licuit
1147 1561 1203 1626 per
1239 1543 1365 1627 omnia,

89 1704 100 1722 .,
184 1649 341 1732 inultam
381 1667 416 1713 er
451 1648 638 1714 necessariis
673 1649 815 1731 partibus
853 1646 1050 1734 ellegantur?
1085 1649 1208 1715 ueniam
1235 1649 1358 1734 ,itaque

228 1755 390 1846 nominum
417 1746 626 1841 postulamus,
654 1773 715 1819 non
740 1747 858 1831 Aeacii,
884 1773 946 1820 non
973 1754 1137 1838 utriusque
1156 1755 1261 1833 Petri,
1293 1774 1358 1825 non

169 1885 182 1899 Α
229 1860 372 1926 Dioscori
415 1861 468 1925 uel
512 1861 678 1939 Timothei,
719 1879 851 1943 quorum
891 1861 1047 1949 uocabula
1086 1861 1126 1926 ad
1165 1850 1221 1927 nos
1245 1861 1361 1928 datae

125 2046 128 2055 Δ
229 1966 405 2031 sanctitatis
444 1969 518 2032 tuae
559 1967 710 2049 epistolae
751 1954 958 2046 continebant,-
1000 1967 1054 2033 sed
1094 1985 1173 2049 quos
1214 1968 1254 2058 in
1284 1967 1358 2034 aliis
1376 1991 1401 2031 re

121 2063 125 2069 ’
229 2072 400 2138 celebrauit
427 2073 611 2164 ciuitatibus
639 2072 835 2156 episcopalis
856 2069 1031 2144 reuerentia
1063 2077 1095 2139 et
1123 2074 1183 2141 boo
1215 2062 1357 2158 exceptis

228 2178 370 2256 urbibus,
406 2178 462 2243 ubi
479 2232 481 2238 .
497 2181 621 2243 uestrae
656 2163 865 2244 beatitudinis
896 2179 1023 2245 libellus
1059 2181 1123 2244 iam
1156 2179 1188 2244 in
1224 2181 1357 2263 plenum

217 2284 387 2365 'admissus
410 2286 469 2361 est,
493 2284 555 2349 nisi
578 2285 657 2366 hanc
680 2288 948 2369 quoque'partem
970 2286 1182 2352 beniuolentia
1204 2287 1360 2352 statuerit

65 2385 67 2389 ’
183 2394 206 2456 6
229 2393 335 2455 nestra
356 2389 474 2483 mitius
490 2389 714 2475 corrigendam.
736 2409 848 2455 uemm
871 2410 928 2463 nec
950 2391 1066 2458 iudicio
1088 2411 1138 2458 res
1162 2395 1247 2458 emet
1270 2393 1368 2458 sedis.

230 2496 430 2578 apostolicae,
459 2499 496 2561 ut
521 2516 582 2562 non
605 2497 706 2581 magis
730 2496 823 2561 uenia
845 2496 976 2583 dicenda
998 2498 1042 2563 sit
1063 2515 1157 2581 quam
1180 2497 1358 2564 deliberata
1374 2525 1401 2565 so

229 2602 292 2667 iarn
313 2620 356 2695 ac·
367 2604 531 2685 perspecta
544 2599 704 2668 definitio:
722 2601 908 2668 Anastasius
925 2598 1079 2686 siquidem
1096 2603 1358 2688 religiosissimae

229 2708 406 2788 memoriae,
433 2712 558 2774 uestrae
586 2710 709 2774 culmen
737 2692 898 2786 ecclesiae,
921 2710 1023 2792 palam
1048 2712 1215 2792 aperteque
1238 2711 1357 2776 consti·
1415 2726 1419 2733 ·

157 2866 158 2869 ,
228 2814 341 2892 tuerit,
359 2832 432 2892 eum
454 2814 493 2879 ob
516 2815 576 2879 boc
599 2814 683 2886 idem
706 2815 856 2880 scriberet
878 2815 1040 2900 negotium
1058 2815 1216 2882 decessori
1232 2820 1358 2905 nostro,

229 2919 315 2983 satis
340 2937 409 2984 esso
439 2925 549 3002 pacem
581 2920 808 3000 affectantibus,
842 2921 870 2985 si
896 2940 1008 2988 nomen
1034 2925 1159 2987 tentum
1185 2912 1359 2988 reticeatur

141 3081 143 3086 s
230 3023 346 3090 Aeacii.
369 3044 441 3110 ergo
463 3025 566 3109 priora
586 3028 711 3116 uestrae
734 3027 818 3093 sedis
836 3028 1013 3094 constituta
1035 3027 1186 3112 sequitur,
1209 3027 1267 3110 qni
1295 3048 1358 3094 non
1376 3053 1402 3094 ao

199 3267 201 3270 <
318 3247 404 3310 nno.
423 3249 707 3343 meermnpapae
727 3231 801 3344 0941
822 3221 994 3333 ss'nurerp,
1014 3255 1220 3320 orruisse
1282 3333 1284 3336 Ι
1338 3265 1341 3268 ⁴

250 3372 283 3444 ¹1,
300 3371 429 3426 festinum
444 3371 480 3426 H
511 3373 625 3444 tquae]
644 3375 769 3430 mollities
785 3376 912 3431 uidelicet
928 3383 954 3431 et
970 3377 1111 3433 clementia
1145 3380 1362 3448 lpoteruntH

113 3466 117 3472 ’
228 3460 348 3530 (eccepto
367 3457 420 3528 d²):
440 3463 585 3530 potnerunt
606 3460 662 3517 Vd²
762 3463 877 3519 inueniri
901 3463 982 3520 Vd²lr⁴
1000 3471 1026 3520 et
1041 3466 1072 3519 tl
1088 3483 1162 3522 maor.
1179 3471 1213 3523 2:
1229 3455 1357 3531 inuenire

227 3549 309 3602 ‘cnei
326 3548 402 3604 cons
420 3550 469 3604 11γ
538 3551 555 3604 s
573 3551 648 3606 neu
664 3550 844 3607 b¹t²t³t⁴t⁷b⁰
860 3559 886 3608 e
903 3570 972 3609 een.
990 3537 1024 3609 'ee
1041 3555 1142 3610 ereum
1159 3556 1233 3612 osne.-
1252 3558 1358 3615 neum

234 3635 359 3697 Vd²t⁸lr¹⁰
464 3639 480 3693 9
503 3638 624 3694 absentas
646 3642 764 3710 seipsis
778 3641 899 3697 adrectae
921 3643 953 3706 V,
978 3633 1102 3715 abseptas
1119 3643 1315 3702 lr¹lr²lr⁸lr¹b⁸lr¹⁰
1332 3655 1359 3704 et

157 3735 161 3744 “
222 3729 292 3792 poor
313 3741 380 3780 corr.
397 3725 435 3792 bl,
459 3726 571 3799 adsepta
592 3730 712 3798 astantis)
735 3718 773 3794 bl,
800 3729 925 3802 adseptas
946 3731 978 3786 tl
994 3733 1070 3804 (deep
1087 3733 1119 3788 ier
1135 3736 1212 3806 ναι),
1230 3735 1357 3792 absortus

223 3810 272 3875 xlr⁸;
303 3812 420 3868 adiectas
450 3815 521 3883 Gor,
546 3817 670 3887 abreptas
693 3818 783 3874 Oouat.
900 3822 931 3876 11
958 3823 1068 3893 corrigit
1091 3821 1119 3876 V
1228 3826 1264 3880 12
1290 3825 1356 3880 alle·

212 3903 335 3969 ‘guntur
352 3900 384 3963 V,
404 3902 552 3973 allegentur
569 3905 608 3969 α’,
626 3900 771 3977 augentur
786 3910 824 3976 14,
843 3911 989 3982 alligantur
1004 3912 1048 3965 nc
1150 3915 1182 3969 ra
1201 3893 1301 3970 secam
1322 3915 1355 3979 V,

226 3988 305 4067 <acaci
318 3989 439 4057 plerique
456 3993 532 4046 codd.
551 3994 586 4048 Η
648 3997 680 4050 17
697 3996 868 4053 libellnml'
931 4002 964 4056 18
981 4002 1033 4056 hac
1054 4001 1082 4056 V
1145 4003 1178 4057 19
1196 4003 1356 4074 corrigenda

144 4092 147 4097 ·
227 4072 349 4129 nauus
383 4078 418 4131 22
436 4081 606 4158 oomcituerir
628 4083 695 4139 vn:
713 4087 889 4146 casurusne
907 4107 929 4160 ρ,
949 4090 1090 4144 constituit
1110 4090 1173 4146 oar.
1210 4075 1245 4145 2'3
1260 4091 1294 4146 or
1318 4091 1353 4144 r.-

228 4178 281 4218 om.
299 4163 334 4217 H
401 4164 514 4220 scribere
537 4168 564 4222 V
613 4171 647 4224 25
667 4174 770 4227 accatii·
785 4175 812 4229 V
