2864 4620
127 293 191 356 764
286 289 453 360 Epiphanius
472 290 683 346 constantiensis
702 289 735 344 de
753 290 805 344 XII
822 290 933 360 gemmis
951 271 1108 344 rati0nalis'

126 503 328 566 unaquaeque
361 484 486 562 diuisio,
519 484 620 567 qualis
652 472 691 547 ad
723 485 890 548 eorundem
927 483 1066 566 lapidum
1097 484 1247 549 rationem

75 586 352 672 731eotionemque
376 590 417 655 sit
440 609 624 674 congruens.
649 593 681 653 et
702 589 891 670 ubicumque
919 590 1045 671 quidem
1076 590 1247 653 dinumera-

125 699 226 760 tarum
247 697 387 762 tribuum
410 699 528 761 statum
550 697 581 760 iu
604 696 682 761 locis
707 696 839 780 siuguIIs
866 696 1058 778 inspeximus
1082 699 1247 777 menteque

124 802 343 885 perpendimus
375 823 435 867 uon
461 822 554 885 posse
585 802 769 866 naturaliter
795 839 838 848 -
866 805 902 865 ut
930 821 1079 865 numerus
1117 801 1249 883 quilibet

125 928 241 988 eorum,
279 909 332 991 qui
363 910 395 973 iu
427 928 611 991 unaquaque
649 909 803 973 diuisione
839 908 994 972 numerati
1031 911 1114 986 sunt,
1151 927 1249 972 unum
1277 928 1295 968 ⁵

123 1033 235 1078 nomen
273 1015 377 1079 minus
413 1015 530 1079 habeus
568 1034 603 1078 en
638 1015 784 1078 tribubus
820 1050 865 1060 —
900 1014 1102 1096 appellationi
1138 1015 1247 1078 horum

122 1121 263 1202 lapidum
286 1121 433 1204 coaptari,
457 1121 589 1203 ideoque
612 1121 755 1203 protinus
784 1120 972 1185 diuisionem
998 1120 1166 1184 secundam
1191 1119 1249 1183 rite

124 1228 321 1303 sustulimus,
344 1231 453 1308 utpote
477 1247 556 1310 quae
578 1228 691 1293 horum
712 1226 853 1309 lapidum
878 1225 1112 1290 consonantiam
1134 1226 1248 1290 habere

122 1352 183 1396 uou
219 1333 330 1415 possit,
366 1338 491 1415 propter
524 1333 606 1414 quod
637 1333 755 1416 primos
787 1335 883 1415 ponat
914 1331 982 1396 Dan
1015 1336 1046 1395 et
1077 1330 1248 1414 Neptalim,

124 1437 192 1504 Gad
215 1442 246 1502 et
268 1439 355 1517 Aser,
378 1439 438 1504 hoc
461 1443 511 1503 est
534 1439 716 1506 ancillarum
740 1439 831 1515 filios,
857 1437 979 1521 quaudo
1002 1438 1132 1502 mittens
1155 1439 1247 1502 Iacob
1267 1460 1286 1498 ro

122 1545 206 1609 Esau
229 1563 357 1608 munera
374 1545 410 1608 iu
433 1549 569 1608 turmam
594 1564 647 1610 eos
666 1545 798 1628 primam
819 1544 939 1622 diuisit,
958 1543 1125 1627 posthaec
1144 1547 1248 1608 autem

121 1650 203 1733 fidos
235 1650 307 1714 Liae
339 1652 415 1714 fecit
446 1651 539 1714 aliam
574 1654 719 1725 turmam,
752 1650 822 1714 dein
850 1649 932 1714 filios
964 1649 1081 1713 Rachel
1111 1652 1248 1714 tunnam

121 1757 256 1821 tertiam.
296 1776 368 1820 uarn
410 1776 481 1820 oum
521 1757 721 1838 pretiosiores
762 1755 882 1837 Iapides
924 1756 988 1820 siut
1022 1755 1055 1819 iu
1096 1755 1248 1838 principio

120 1863 291 1940 rationalis,
322 1882 412 1946 porro
445 1863 501 1927 filii
530 1863 713 1927 ancillarum
745 1862 907 1927 inferiores
939 1861 1111 1926 habeantur
1138 1864 1171 1926 11
1197 1861 1248 1925 hio

121 1968 257 2049 primum
283 1969 379 2052 positi
402 1970 473 2046 siut,
501 1969 698 2050 Impossibile
721 1972 770 2033 est
792 1986 845 2033 eos
870 1968 909 2032 ad
931 1986 1059 2032 causam
1087 1967 1248 2032 rationaIIs
1265 1987 1288 2029 rs

120 2073 152 2136 iu
179 2073 238 2138 hac
265 2074 384 2139 numeri
416 2078 503 2155 parte
532 2094 711 2159 congruere,
738 2077 866 2156 propter
893 2073 976 2155 quod
1002 2073 1048 2138 ita
1074 2093 1107 2139 se
1134 2074 1249 2138 habere

121 2198 181 2243 non
204 2180 315 2262 possit.

72 2283 113 2346 74
166 2284 247 2348 Item
263 2288 406 2367 quartam
422 2285 618 2362 diuisionem,
629 2285 879 2350 benedictionem
893 2286 996 2363 Iacob,
1006 2285 1248 2368 explorauimus,

124 2391 245 2471 quando
274 2391 409 2455 moriens
435 2391 510 2456 filiis
537 2391 703 2456 benedixit.
734 2391 829 2454 habet
856 2391 936 2454 enirn
964 2392 1099 2472 primum
1127 2391 1248 2469 Ruben,

7 2537 9 2541 -
123 2495 192 2559 deiu
223 2496 348 2561 Simeon
377 2500 409 2562 et
431 2497 509 2561 Leui
538 2497 633 2561 slmul
660 2497 834 2573 adiunctos,
863 2497 967 2560 itaut
993 2497 1056 2561 ista
1083 2497 1288 2578 utriusquae

123 2602 281 2684 copulatio
321 2603 432 2666 horum
469 2602 610 2683 lapidum
647 2595 867 2686 congruentiae
903 2602 1049 2667 uideatur
1084 2603 1247 2669 obsistere.

122 2707 255 2789 ideoque
278 2709 372 2773 istam
396 2727 520 2792 quoque
544 2708 742 2786 sustulimus,
768 2728 839 2773 cum
858 2708 1015 2791 lapidibus
1034 2707 1106 2772 istis
1126 2707 1249 2772 adcom-

122 2813 242 2878 modari
264 2815 393 2879 minime
415 2815 527 2897 possit.

71 2918 112 2982 75
164 2920 359 3003 Inspenimus
392 2926 497 2985 autem
529 2923 561 2984 et
593 2920 735 3003 quintam
768 2919 965 2996 diuisionem,
998 2938 1077 3002 quae
1110 2920 1249 2984 continet

120 3026 246 3090 initium
268 3026 456 3111 egressionis
479 3027 613 3092 filiorum
636 3027 756 3091 Israhel
779 3046 815 3090 en
836 3027 990 3110 Aegypto,
1014 3027 1045 3090 11
1066 3025 1247 3091 inueuimus
1263 3046 1286 3088 so

122 3151 191 3198 eam
218 3137 455 3215 praeponentem
482 3133 650 3198 liberarum
681 3132 762 3196 filios
792 3134 825 3196 et
852 3131 1033 3213 ancillarum
1056 3131 1143 3196 iuxta
1165 3151 1248 3196 cour·

120 3237 286 3320 positIouis
327 3238 466 3304 ordinem
508 3242 734 3322 supponentem
779 3238 1010 3319 facientemque
1054 3238 1247 3303 nouissimos

125 3343 282 3427 <primos>
318 3343 498 3425 pumosque
525 3344 727 3420 nouissimos,
755 3346 788 3407 11
815 3343 854 3407 ob
878 3344 948 3420 hoo,
972 3341 1054 3425 quod
1076 3343 1192 3425 Ioseph
1216 3344 1247 3407 in

120 3451 263 3532 Aegypto
287 3450 478 3514 constitutus
498 3452 676 3532 postremus
693 3449 873 3513 nominatus
892 3451 950 3526 est,
970 3448 1248 3518 animaduertimus

119 3556 234 3618 iterum
257 3575 317 3619 uon
339 3575 432 3638 posse
450 3556 571 3638 lapides
590 3556 670 3620 istos
688 3557 932 3620 memoratarum
949 3555 1090 3619 tribuum
1108 3555 1247 3636 coaptari
1263 3583 1287 3622 eo

45 3661 316 3726 'idrromInibusz
348 3666 381 3726 et
412 3662 495 3744 quod
527 3661 711 3726 naturaliter
743 3661 916 3745 onychinus
948 3660 1035 3742 lapis·
1056 3660 1087 3724 iu
1115 3679 1248 3742 persona

157 3920 172 3971 5
187 3917 214 3970 iu
229 3933 279 3971 om.
294 3918 379 3986 Fopp.
416 3920 585 3989 9propterea
604 3919 667 3988 quia
683 3919 770 3989 Fopp.
807 3920 842 3973 24
860 3919 999 3973 continent
1022 3919 1052 3984 V,
1073 3935 1141 3973 corr.
1157 3920 1243 3990 I'opp.

121 4004 155 4059 26
177 4021 214 4073 sq.
237 4007 380 4060 liberarum
394 4047 401 4060 .
415 4009 626 4076 ‚supponentem
650 4008 682 4060 ἐπ
704 4013 779 4061 textu
801 4008 901 4061 omisca
923 4008 955 4061 io
975 4008 1099 4077 marpissa
1116 4005 1248 4076 inferiore

121 4094 255 4160 suppleuit
278 4093 425 4148 Vnum]
530 4095 563 4148 28
582 4095 680 4164 primos
698 4095 815 4149 insuat:
839 4095 991 4165 primosque
1012 4095 1172 4149 nouissimos
1196 4112 1247 4154 orn.

125 4179 205 4249 I'opp
