2864 4620
230 247 293 310 544
359 219 503 298 Hormisda
520 243 671 307 Anastasio,
690 240 833 297 Hormisda
850 242 991 296 Timotheo
1010 241 1214 314 Constantinop.

227 437 336 523 poenis
353 440 533 505 remaneant
549 438 752 522 praeparatis.
774 438 911 520 pendent
933 438 1021 503 anxia
1044 437 1137 503 corda
1160 441 1358 503 cunctorum.

226 544 266 608 'ab
289 544 412 609 ultimis
434 543 475 609 ud
496 563 552 610 nos
577 542 689 610 Galliis
716 543 834 609 directa
859 544 986 628 legatio,
1015 544 1043 608 si
1066 544 1140 627 quid
1163 544 1360 609 deunitatis

226 649 488 735 redintegratione
517 649 696 716 sollicitudo
724 653 832 716 nostra
856 649 1077 733 promouisset‚
1105 651 1220 716 famam
1248 653 1360 715 secuta

177 757 397 823 l5consulnit.
420 775 477 822 nec
497 755 625 822 difficile
644 775 722 839 opus
741 756 924 821 clementiae
941 759 1031 822 tuae:
1051 757 1113 822 seit
1130 757 1207 822 dens
1227 775 1359 821 suornm

224 863 387 928 laboribus
411 860 587 930 subuenire.
621 881 739 928 ernsu
763 865 813 927 est
835 862 874 926 ad
895 862 1051 946 principes
1075 880 1150 928 suos
1175 865 1359 929 conuertere
1384 883 1396 924 ι

228 968 320 1033 corda
342 967 514 1060 subiectos.
538 968 592 1033 dat
610 967 713 1051 specie
731 967 901 1033 maximnm
920 967 1046 1053 signum
1062 987 1171 1033 recens
1190 968 1358 1051 religiosae

226 1071 395 1140 memoriae
432 1074 583 1144 Marciani
618 1073 815 1158 imperatoris
847 1075 1033 1157 exemplum.
1076 1074 1151 1157 quid
1183 1073 1249 1158 egit
1280 1076 1359 1139 tunc

227 1180 346 1265 uulgus
378 1183 434 1245 ant
463 1180 624 1263 populus?
660 1199 720 1245 non
753 1198 832 1263 opus
860 1183 934 1245 nota
960 1181 1139 1246 renolusre:
1173 1179 1281 1244 adulta
1307 1182 1360 1244 est

226 1285 356 1369 perfidia
381 1285 444 1351 ista
469 1305 525 1369 per
552 1285 672 1363 deuios,
700 1286 803 1368 sopita
828 1304 884 1368 per
909 1286 1028 1364 iustos;
1060 1286 1183 1352 imitare
1214 1284 1359 1369 religiosi

177 1391 409 1476 ldintegritnte
439 1391 604 1476 propositi,
637 1411 730 1477 quem
762 1389 867 1457 studio
899 1392 1064 1458 uirilitatis
1101 1391 1252 1474 aequasti.
1316 1391 1358 1456 ad
1375 1411 1398 1450 ιι

228 1498 305 1564 haec
336 1497 452 1563 nostris
483 1498 644 1578 lacrimis.
665 1497 780 1563 nostris
811 1499 957 1582 precibus
989 1499 1152 1583 alleganda
1177 1497 1358 1563 Ennodinm

225 1606 322 1686 ¹atque
344 1603 548 1690 Peregrinum
574 1603 685 1669 fratres
713 1607 746 1668 et
772 1604 974 1688 coepiscopos
1000 1612 1124 1670 nostros
1151 1604 1221 1670 uice
1249 1606 1359 1670 nostra

227 1728 283 1793 pro
319 1700 491 1775 exhibenda
526 1712 620 1780 etiam
656 1709 825 1775 honorifica
856 1710 1043 1776 salutatione
1074 1710 1252 1788 direximus,
1282 1709 1357 1776 ideo

227 1813 362 1879 maxime
386 1814 548 1899 designato
572 1815 640 1879 niro
663 1815 747 1880 fasee
771 1815 925 1904 secundae
946 1815 1113 1901 legationis
1135 1815 1297 1897 imposito,
1320 1818 1360 1880 ut

230 1919 284 2001 qui
301 1919 391 1984 nobis
410 1921 477 2003 spei
494 1923 593 1986 bonae
613 1920 727 1986 detulit
743 1920 878 2000 initium,
892 1941 973 1987 nuno
992 1922 1133 1990 adiutore
1152 1921 1209 1987 deo
1226 1921 1357 2002 plenum
1376 1939 1400 1978 a

169 2035 172 2040 '
228 2028 367 2107 reportet
398 2026 554 2091 effectum.
596 2027 797 2110 acquiescite,
829 2047 1001 2110 precemur,
1038 2028 1184 2092 fidelibus
1215 2027 1357 2105 monitis,

230 2130 320 2196 cuius
351 2150 409 2196 uos
443 2131 615 2197 delectatos
644 2132 762 2212 dudum
790 2133 926 2218 legimus
956 2133 1122 2199 institutis.
1189 2132 1272 2199 Data
1298 2131 1357 2197 ΠΙ.

230 2234 310 2301 Non.
332 2236 430 2319 April.
454 2237 589 2322 Agapito
613 2250 697 2303 cons.
938 2249 941 2254 '

738 2431 845 2515 (127.)

232 2559 234 2562 ’
257 2565 428 2618 'nosmsnu
448 2572 624 2619 mensnram
647 2573 798 2620 nuonsro.
843 2574 901 2619 nnn
922 2573 1079 2619 srmonrnu
1100 2573 1139 2618 nn
1162 2571 1358 2618 russonum!
1375 2577 1399 2617 u

230 2669 405 2724 nnrsoonos.
472 2660 557 2724 Dum
577 2661 745 2744 sapientiae
765 2664 898 2738 nestrae,
918 2660 1159 2725 clementissime
1177 2659 1358 2742 imperator,

229 2765 383 2849 profunda
397 2766 568 2845 considero,
587 2767 788 2849 prouidentes
808 2766 903 2831 saluti
920 2766 1062 2848 propriae
1080 2762 1171 2831 nobis
1191 2765 1358 2846 displicere

229 2890 290 2935 non
327 2870 469 2950 aestimo,
506 2867 605 2954 nsque
639 2873 720 2938 enim
756 2877 811 2937 ant
843 2872 950 2938 diuina
985 2872 1105 2936 monita
1136 2874 1191 2935 aut
1222 2872 1359 2935 humana

232 2977 389 3041 continent
423 2977 578 3056 instituta,
618 2982 655 3043 nt
686 2973 739 3061 qui
783 2979 920 3044 consulit
958 2978 1058 3044 bonae
1099 2978 1176 3061 spei,
1218 2976 1361 3059 qualibet

231 3081 344 3147 debeat
377 3083 614 3166 reprehensione
651 3084 781 3168 culpari,
818 3103 890 3150 oum
925 3085 1059 3150 manime
1095 3085 1196 3167 pietas
1234 3102 1359 3164 qunque
1377 3104 1402 3146 ra

230 3190 336 3252 uestra
368 3189 481 3254 affectu
514 3209 547 3255 se
579 3191 711 3255 unitatis
744 3193 776 3255 et
805 3191 892 3273 pacis
927 3191 1058 3276 flagrare
1094 3191 1241 3257 fateatur.
1279 3207 1360 3271 qnae

266 3496 404 3551 ienitate
426 3497 459 3571 V,
477 3513 545 3552 corr.
568 3497 648 3552 ruer
709 3497 842 3552 3iamam
858 3500 968 3569 compsi:
986 3499 1105 3553 lamaV
1159 3497 1318 3562 ddefdoele
1339 3498 1367 3551 V

231 3583 267 3636 sit
290 3583 320 3646 V,
339 3591 407 3639 sorr.
427 3605 441 3638 ο
512 3585 528 3640 8
548 3585 658 3640 adulata
680 3586 711 3651 V,
730 3603 798 3642 corr.
818 3586 844 3657 ρ2
923 3589 957 3643 12
976 3604 1027 3657 quo
1046 3589 1185 3659 episcopos
1208 3586 1239 3652 V,
1256 3601 1327 3641 corr.
1347 3605 1364 3638 o

229 3670 326 3748 nraV
376 3673 409 3728 13
427 3661 558 3729 exilienda
579 3674 607 3727 V

267 3760 331 3819 127.
367 3761 434 3832 Dat,
450 3765 617 3830 (simularem
630 3781 688 3834 epp.
702 3768 862 3832 133435)
878 3783 903 3820 a.
920 3765 1153 3834 arrationarem.
1206 3762 1280 3818 Edd.
1297 3762 1362 3820 Gor.

230 3847 261 3903 1²
280 3850 439 3922 469513ar.
459 3851 498 3905 od
516 3869 541 3905 a.
564 3855 625 3918 517,
646 3854 697 3920 42;
717 3853 824 3908 Collect.
847 3854 964 3922 Ooneil.,·
980 3854 1062 3908 BPA
1080 3854 1187 3920 14055
1207 3851 1285 3906 Thio
1298 3854 1362 3908 812.

232 3922 481 3994 20⁴nrnsrusrofi
499 3940 526 3994 V
570 3941 621 3995 Per
636 3940 787 3995 Enuodinm
802 3984 807 3996 .
822 3980 828 3993 .
844 3942 982 4013 episeopus
996 3943 1151 3998 charactere
1162 3940 1308 3994 minutiore
1327 3939 1353 3993 V
1354 3961 1367 4008 ,-

232 4043 302 4094 puoe
318 4033 387 4082 noto
403 4028 536 4097 quomodo
558 4024 604 4084 ese
628 4026 793 4098 ezplicauda-
819 4031 856 4084 sit
876 4022 1007 4090 Eunode'o
1030 4035 1055 4086 et
1076 4030 1222 4101 Pereprioo
1244 4029 1301 4082 iam
1320 4029 1365 4083 die

234 4119 252 4168 3
269 4117 337 4184 Apr.
355 4116 446 4171 Roma
458 4117 590 4186 profectio
606 4117 708 4177 mooe
725 4119 868 4189 ‘cecrope
880 4137 911 4189 p.
930 4124 965 4174 14
982 4136 1020 4189 sq.
1109 4121 1145 4175 24
1163 4122 1194 4174 ut
1211 4115 1249 4170 0²:
1269 4118 1318 4169 aut
1340 4117 1370 4171 V
