2864 4620
452 283 538 350 aput.
558 279 670 336 cxvru
687 283 704 336 s
723 313 757 322 -
776 281 859 338 cxlx
876 284 901 337 a
1178 284 1241 349 527

119 492 247 537 unrnnrs
270 493 354 538 arun
375 492 530 538 nonarum
553 492 735 538 rnrrnnnus
761 493 992 539 oonsraurruus
1017 493 1240 540 oumsrononos

119 598 261 643 uiuamus
288 598 445 643 rnrnrnrus
472 598 615 644 runrauus
643 599 681 643 nn
711 599 906 646 onarsrrrus.
976 579 1010 646 si
1042 581 1143 666 dignis
1175 601 1242 664 pro-

120 684 229 749 oemiis
265 686 314 750 uti
348 689 548 768 temptemus,
584 703 711 750 necesse
747 689 796 750 est
831 686 940 750 multis
975 685 1101 750 fletibus
1132 686 1242 751 horum

119 789 371 873 depromptiones
401 791 530 856 efficere.
559 791 687 873 plurimi
713 810 846 873 namque
871 811 906 856 ex
928 791 1018 856 nobis
1041 792 1072 855 in
1094 795 1242 875 regnante
1266 797 1285 860 2

87 897 206 961 aluere
229 895 508 981 Constantinopoli,
532 916 603 962 cum
626 897 725 963 uestri
748 897 939 962 sanctissimi
956 898 1066 963 uicarii
1084 897 1242 962 Ennodius

118 1005 150 1074 st
168 1003 362 1069 'Fortunatus
386 1003 535 1086 episcopi,
558 1003 731 1068 Uenantius
755 1004 926 1086 presbyter,
946 1003 1060 1069 Uitalis
1083 1003 1242 1081 diaconus,

117 1107 245 1173 Hilarus
268 1111 407 1174 notarius
433 1109 590 1194 degerent,
613 1109 740 1192 pietatis
764 1127 869 1192 agona
886 1113 1068 1193 susceptum
1091 1112 1242 1172 tenentes.

117 1214 280 1279 nobiseum
319 1219 424 1288 autem
460 1215 523 1280 fuit
558 1218 591 1279 et
625 1216 705 1280 inter
737 1216 862 1280 sanctos
894 1215 997 1279 factus
1029 1216 1116 1297 pater
1149 1216 1242 1297 atque

117 1321 369 1404 archiepiscopus
396 1325 501 1388 noster
526 1321 666 1399 Alcison,
695 1321 748 1403 qui
776 1339 848 1385 cum
876 1320 959 1385 omni
991 1320 1242 1402 praesumptione

74 1446 98 1484 so
118 1427 313 1507 supplicibus
341 1430 433 1492 utens
460 1426 577 1491 libellis
605 1425 686 1507 apud
711 1428 853 1491 *uestram
879 1424 1105 1489 beatitudinem
1121 1424 1242 1509 'dignus

96 1529 246 1595 ¹effeetus
275 1535 324 1596 est
350 1532 539 1613 apostolicae
567 1531 635 1595 sedi
661 1533 784 1596 uestrae
812 1531 1040 1595 communicare
1068 1529 1241 1602 nobiscum,

116 1636 173 1700 sed
199 1637 272 1718 quia
293 1641 430 1719 repente,
455 1638 510 1720 qui
533 1640 718 1701 cunctorum
740 1637 853 1701 retinet
871 1638 1075 1719 potestatem,
1098 1635 1181 1699 huno
1204 1634 1243 1699 ad
1267 1625 1286 1687 3

115 1761 150 1805 se
177 1743 343 1832 euocauit,
361 1762 417 1808 nos
446 1742 658 1808 inrefrenabili
679 1743 754 1807 fletu
777 1742 892 1806 retenti
915 1742 1115 1823 paruerimus
1138 1744 1242 1806 tamen

115 1846 154 1911 ad
170 1848 305 1928 patriam
322 1848 409 1913 nullo
429 1847 520 1913 modo
540 1867 673 1913 errorem
690 1850 817 1930 propter
836 1847 886 1911 dei
905 1847 1037 1931 gratiam
1051 1847 1242 1912 sustinentes

70 1975 96 2014 u
114 1951 169 2017 sed
198 1954 316 2036 ubique
346 1952 454 2019 uestra
484 1955 609 2018 decreta
640 1956 805 2018 sectantes.
836 1952 985 2017 flentibus
1021 1955 1125 2016 autem
1153 1952 1242 2016 nobis
1266 1951 1286 2013 4

114 2063 206 2143 atque
237 2060 480 2125 lamentantibus
511 2079 582 2124 cum
615 2060 675 2137 his,
704 2060 758 2142 qui
788 2059 952 2124 nobiscum
982 2058 1084 2123 relicti
1106 2060 1186 2122 'sunt
1210 2059 1241 2122 in

112 2165 255 2246 paroecia
282 2157 495 2242 comministri,
524 2165 594 2249 quis
621 2165 724 2248 possit
752 2165 790 2240 de
816 2164 995 2230 orthodoxis
1018 2167 1102 2229 reete
1128 2163 1246 2229 Christi

113 2288 189 2334 oues
215 2271 398 2357 transigere,
423 2271 477 2353 qui
499 2272 678 2337 consolatur
700 2271 845 2349 humiles,
872 2269 1051 2337 consolatus
1075 2272 1124 2334 est
1150 2270 1244 2360 etiam

112 2394 168 2442 nos
191 2396 246 2459 per
268 2380 390 2445 uestras
414 2377 579 2454 orationes,
604 2377 818 2442 demonstrans
842 2376 1100 2459 metropolitanae
1119 2373 1242 2440 ciuitati

67 2506 95 2546 ao
113 2482 144 2546 in
168 2482 291 2547 cunctis
315 2483 550 2548 sanctissimum
572 2483 751 2562 Iohannem,
776 2483 829 2565 qui
853 2502 870 2546 a
892 2482 1029 2565 pueritia
1055 2482 1086 2546 in
1111 2480 1243 2546 ecelesia

113 2587 179 2652 sine
207 2589 299 2670 culpa
325 2589 474 2667 nutritus,
502 2589 599 2653 immo
625 2588 826 2653 laudabiliter
851 2589 883 2653 in
915 2607 965 2652 ea
982 2587 1111 2672 degens,
1134 2587 1179 2652 ita
1209 2590 1244 2651 nt

112 2711 212 2774 neque
240 2713 311 2774 euru
338 2694 370 2758 in
399 2694 457 2759 bac
486 2695 651 2776 quisquam
678 2695 820 2760 moribus
848 2694 1024 2772 antecellat,
1048 2694 1114 2758 nelo
1138 2696 1243 2758 autem

113 2799 195 2864 circa
231 2800 446 2864 orthodoxiam
481 2801 568 2866 iuxta
609 2800 798 2883 apostolicas
840 2801 1078 2866 ammonitiones
1120 2803 1242 2864 uestras

112 2905 193 2969 nulli
215 2906 339 2971 omnino
364 2905 503 2977 cedente.
530 2907 613 2971 buno
636 2925 714 2991 ergo
734 2905 783 2969 dei
806 2904 1005 2989 prouidentia
1028 2903 1241 2971 ordinauimus
1267 2906 1286 2969 5

68 3034 95 3074 aa
113 3011 289 3093 praesulem
310 3011 602 3094 Nicopolitanorum
626 3011 843 3088 sanctissimae
868 3011 1018 3077 ecclesiae
1037 3015 1069 3075 et
1085 3030 1243 3096 rogamus,

113 3119 150 3182 ut
171 3117 260 3182 iurta
281 3116 442 3200 antiquam
466 3118 723 3183 consuetudinem
746 3119 830 3184 hunc
849 3136 972 3200 quoque
991 3117 1244 3200 complectamini

112 3223 249 3303 paternis
285 3223 462 3288 uisceribus
498 3220 613 3289 uestris
634 3218 802 3306 'nobisque
839 3226 933 3305 atque
968 3222 1031 3305 ipsi
1063 3222 1112 3286 dei
1144 3221 1244 3306 gratia

150 3629 305 3684 liohannis
323 3630 446 3684 matheus
466 3649 484 3682 α
527 3629 679 3704 2hylariua
698 3649 716 3682 α
773 3630 903 3700 crisippus
922 3649 940 3682 α
991 3594 1071 3699 Ξηῐιίἰε
1090 3649 1108 3682 α
1161 3631 1243 3684 bue-

110 3718 176 3772 atris
195 3737 220 3782 a,
238 3730 306 3773 com.
325 3717 352 3771 ο2
404 3718 551 3772 ‘lhilarius
570 3737 584 3770 o
603 3723 628 3771 et
646 3736 663 3768 α
681 3735 753 3775 mon.
767 3724 840 3786 post.
897 3719 928 3773 11
949 3717 1020 3773 sedis
1036 3737 1065 3783 μ,
1083 3718 1152 3774 core'.
1171 3718 1241 3774 Bor.

68 3792 268 3860 '13‘recenti
282 3823 307 3868 α,
326 3806 444 3861 corraei:
462 3805 566 3860 detenti
586 3805 665 3859 Tbicl
742 3808 775 3860 15
793 3805 871 3860 uobis
886 3827 910 3871 a,
925 3823 994 3862 corr.
1013 3804 1039 3858 ο2
1115 3807 1146 3861 17
1165 3821 1243 3876 paro-

113 3894 169 3948 etia
187 3912 205 3946 α
274 3895 309 3949 22
326 3894 377 3948 hac
394 3895 440 3963 (aa.
459 3894 579 3965 ecclesio)
599 3912 628 3948 a:
651 3894 693 3948 his
711 3895 781 3949 Bar.
870 3894 988 3949 moribus
1005 3893 1116 3962 aeripsh
1138 3896 1243 3964 tempo-

110 3981 187 4036 ribus
205 4000 223 4033 α
239 3981 311 4037 Bon·
368 3982 437 4052 zelo]
453 3983 553 4051 incepit
569 3998 665 4037 rursus
681 3989 760 4037 uetus
776 3983 915 4052 ramptano
932 3982 1034 4051 chol.
1046 3985 1111 4050 114)
1153 3981 1241 4056 2301-

112 4068 242 4123 thodoxia
262 4069 294 4135 V,
312 4085 379 4125 corr.
401 4069 481 4125 Tbe'et
531 4069 696 4136 accedente
718 4070 754 4125 V:
773 4071 869 4126 cedens
887 4073 957 4127 Bor.
1011 4071 1045 4126 25
1063 4070 1187 4141 praesule
1210 4069 1242 4135 V,

116 4173 181 4212 coen.
201 4155 228 4209 o²

166 4279 246 4321 XXXV
260 4276 314 4331 para
327 4283 348 4323 2.
1136 4263 1172 4318 34
