2864 4620
194 255 257 318 524
515 246 657 303 Horrnisda
674 245 786 299 Iohanni
804 246 991 314 Nicopolitano

194 441 316 502 nostrae
335 440 459 501 sauctae
475 433 584 516 synodi
602 433 768 497 inuenietis
789 433 950 515 episcopos
970 435 1001 496 et
1018 432 1170 497 bonorum
1185 439 1316 501 actuum

196 546 311 609 clerum
335 562 369 606 ac
394 541 546 624 populum
573 539 795 604 confirmabitis
823 541 982 619 tamquam
1010 539 1193 604 familiarem
1221 543 1317 608 uobis

153 653 171 714 8
195 650 357 715 reddentes
368 653 504 712 sanctam
515 645 802 732 Nicopolitanorum
814 646 987 709 ecclesiam.
1021 648 1228 712 uenerabilem
1240 670 1318 714 uero

196 756 359 819 diaconum
370 752 515 817 Rufinum
526 752 564 815 ad
574 755 638 815 tarn
653 751 860 816 necessariam
874 771 1000 816 causam
1015 752 1165 817 directum
1177 756 1318 837 pacifice,

196 863 279 926 sicut
296 879 353 924 uos
374 859 471 936 decet,
490 857 591 941 rogati
610 857 759 937 suscipite
779 861 810 920 et
827 855 973 920 fiduciam
991 858 1163 922 tribuentes
1184 860 1320 924 celerem
1353 885 1369 925 a

196 969 263 1032 eius
287 985 446 1031 recursum
470 964 508 1027 ad
532 983 587 1027 nos
606 969 761 1045 praestare
781 964 949 1047 dignemini
968 967 1143 1045 portantem
1163 965 1321 1046 spiritalia

154 1077 173 1138 9
197 1077 289 1156 atque
317 1072 489 1154 apostolica
521 1071 703 1148 constituta,
732 1075 844 1133 cuncta
872 1070 1079 1134 sanctissime.
1135 1091 1256 1134 ornnem
1286 1072 1320 1136 iu

199 1180 320 1245 Christo
343 1178 565 1245 fraternitatem
597 1180 720 1240 uestrae
747 1175 949 1255 beatitudiuis
982 1195 1039 1259 ego
1064 1178 1095 1239 et
1118 1177 1172 1257 qui
1194 1196 1321 1241 mecum

199 1290 272 1350 suut
293 1284 463 1367 plurimum
486 1284 659 1346 salutamus
683 1282 714 1345 in
738 1281 872 1345 domino.

709 1472 815 1556 (118.)

243 1608 405 1663 uo'amsoa·
422 1618 553 1662 rouuuur
579 1614 727 1661 urrscoeo
755 1614 992 1662 u1coaou1rusro.
1016 1617 1075 1661 usn
1097 1619 1230 1663 nusruurr
1252 1619 1324 1665 uiu-

202 1724 311 1770 couuu.
380 1702 490 1768 Gauisi
522 1716 631 1766 sumus
663 1702 695 1766 in
728 1701 851 1765 domiuo
884 1702 985 1780 ualde,
1018 1703 1112 1767 frater
1146 1705 1324 1784 karissime,

202 1811 337 1892 acceptis
365 1809 478 1873 litteris
506 1808 580 1884 tuis,
608 1808 640 1872 in
669 1807 782 1889 quibus
811 1810 841 1871 to
864 1807 1016 1890 profiteris
1042 1794 1251 1875 sacerdotium
1273 1812 1326 1876 dei

202 1918 302 2002 gratia
329 1915 516 1998 suscepisse.
544 1914 621 1979 haec
649 1918 698 1978 est
724 1913 801 1978 fides
826 1917 918 1991 certa,
941 1914 1018 1979 haec
1041 1935 1112 1997 spes
1136 1918 1203 1981 siue
1227 1919 1324 1983 ambi-

203 2025 322 2108 guitate
354 2039 472 2096 secura,
506 2039 567 2101 qua
599 2019 735 2084 creditur
765 2020 864 2084 totius
896 2021 969 2085 boui
1001 2040 1096 2087 causa
1127 2024 1157 2086 in
1190 2042 1326 2125 suppgua
1346 2051 1373 2093 15

161 2139 179 2200 2
204 2125 434 2211 dispensatione
462 2126 641 2192 consistere.
709 2125 798 2189 cuius
825 2126 873 2189 rei
893 2127 1056 2191 scientiam
1078 2129 1205 2207 habeus,
1229 2130 1327 2195 frater

205 2233 379 2309 karissime,
409 2231 638 2308 beneficiorum,
671 2249 749 2313 quac
780 2249 798 2294 a
829 2230 886 2295 deo
916 2235 1022 2304 nostro
1055 2238 1240 2299 consecutus
1279 2255 1325 2312 es,

103 2340 106 2353 “
206 2340 352 2424 religioso
376 2337 478 2410 animo
501 2337 632 2421 gratiam
656 2336 820 2414 confiteris,
842 2337 918 2402 licet
939 2338 998 2402 hoo
1017 2358 1139 2422 quoque
1159 2340 1195 2403 de
1215 2341 1327 2406 eodem

208 2445 390 2523 clementiae
405 2444 489 2508 fonto
505 2443 673 2520 descendit,
691 2447 725 2506 ut
739 2463 771 2508 se
791 2444 910 2508 auctori
929 2464 986 2509 suo
1005 2445 1140 2509 humana
1158 2446 1328 2512 submittat

208 2551 386 2615 humilitas:
414 2549 459 2613 ait
486 2549 584 2613 enim:
612 2569 729 2632 super
757 2550 867 2632 quem
894 2549 1119 2631 requiescit
1151 2552 1325 2634 spiritus
1347 2585 1375 2625 20

208 2676 316 2720 meus
339 2645 419 2719 nisi
439 2673 557 2736 super
575 2654 760 2719 humilem
780 2659 818 2719 st
836 2655 1017 2737 quietum
1037 2663 1075 2720 et
1093 2659 1327 2721 trementem

166 2767 186 2830 3
210 2777 408 2827 sermones
430 2763 556 2824 meos?
575 2759 606 2823 in
624 2760 673 2824 his
692 2778 775 2844 ergo,
794 2761 824 2823 iu
844 2760 958 2842 quibus
976 2761 1158 2826 huiusmodi
1175 2763 1326 2845 probaris,

210 2867 324 2934 clarius
347 2866 504 2931 elucescet
524 2863 594 2928 aliis
612 2865 705 2929 otiam
724 2856 851 2929 uirtutis
869 2865 963 2929 huius
982 2866 1121 2930 futurum
1142 2868 1328 2949 exemplum,

212 2972 333 3056 quaudo
361 2971 400 3036 ad
425 2971 483 3036 hoc
512 2969 604 3034 etiarn
632 2970 688 3034 deo
715 2969 899 3035 instituente
921 2971 1091 3054 perductus
1116 2991 1159 3047 es,
1184 2976 1220 3036 ut
1243 2975 1328 3038 etin

169 3086 189 3149 4
212 3086 243 3144 te
258 3078 477 3143 catholicorum
494 3076 645 3160 glorietur
658 3077 797 3141 ecclesia.
816 3096 887 3141 nam
906 3078 988 3141 sicut
1006 3076 1122 3141 diuinis
1140 3079 1328 3144 testimoniis
1349 3113 1378 3153 25

214 3186 351 3250 eruditus
380 3186 411 3247 et
436 3184 522 3247 iuxta
547 3184 724 3266 apostolum
752 3203 907 3250 sacrarum
935 3183 1108 3247 litterarum
1131 3183 1328 3249 institutione

212 3294 363 3356 formatus
382 3291 440 3353 hoc
459 3289 631 3370 auspicium
650 3293 721 3352 tuae
740 3288 942 3353 ordinationis
963 3289 1097 3366 edidisti,
1113 3293 1148 3352 ut
1162 3290 1328 3355 aduersum

216 3397 374 3460 deuiantes
403 3415 480 3461 cum.
502 3395 583 3459 sedis
611 3395 801 3476 apostolicae
825 3394 988 3459 sententiis
1012 3396 1203 3458 conuenires.
1227 3414 1329 3477 neque

1344 1523 1373 1563 10

303 3586 337 3640 20
352 3585 425 3638 Esai,
444 3584 485 3647 66,
505 3584 521 3636 2

253 3695 268 3748 5
288 3693 400 3746 celerum
418 3690 449 3753 V,
464 3705 532 3744 corr.
547 3710 561 3742 o
616 3691 630 3742 7
651 3693 744 3743 cuncta
762 3687 845 3744 sanet.
864 3689 970 3743 sauaxi
989 3689 1023 3741 ab
1042 3690 1079 3742 eis
1096 3705 1165 3757 quae
1182 3695 1330 3765 sequautur

254 3781 316 3837 118.
378 3779 444 3833 Dat.
465 3778 558 3843 (mmet
575 3794 633 3831 eum
658 3794 696 3845 ep.
717 3781 782 3844 1:20)
802 3795 827 3830 c.
850 3780 899 3830 516
917 3778 960 3830 die
978 3781 1012 3829 15
1030 3777 1102 3830 Nou.
1117 3793 1168 3845 per
1185 3777 1331 3844 Rufinum,-

219 3869 359 3938 respondet
383 3868 513 3936 epistulae
534 3871 591 3920 117.
662 3866 734 3920 Edd.
761 3866 823 3920 Car.
849 3866 879 3918 12
904 3869 974 3932 449,-
995 3866 1063 3918 Bar.
1089 3865 1126 3918 ad
1149 3882 1174 3920 c.
1196 3867 1256 3926 516,
1279 3868 1331 3931 50,·

223 3958 328 4012 Colleet.
350 3955 465 4021 Concil5
485 3953 566 4011 BTA
584 3955 604 4006 Ι
622 3957 693 4019 383,·
719 3953 796 4006 Tlrc'el
816 3957 880 4006 774.
969 3953 998 4004 11
1024 3969 1071 4021 per
1092 3953 1202 4004 rufinum
1226 3951 1284 4004 diac
1308 3951 1335 4003 V

221 4048 372 4100 charactere
385 4043 527 4096 minutiore
539 4043 568 4095 ia
581 4058 675 4119 usurp
702 4041 734 4094 12
748 4042 829 4095 simus
847 4041 878 4103 V,
897 4056 964 4094 corr.
983 4058 996 4090 o
1033 4042 1065 4094 15
1080 4057 1146 4108 quae
1164 4040 1283 4093 redditur
1300 4040 1331 4096 V.

222 4150 288 4188 corr.
309 4131 334 4202 9²
