2864 4620
467 281 552 350 Epist.
572 279 703 335 onxxur
720 283 744 334 4-
756 312 789 320 -
809 279 925 335 enuxv
943 283 967 336 a.
1215 285 1276 348 631

151 477 344 558 quapropter
362 476 504 547 de<bita>
521 486 626 546 u<o>s
642 474 875 549 honorificentia
889 475 1061 542 salutantes
1076 475 1236 540 hortamur
1249 479 1281 541 et
1303 475 1324 537 2

149 573 303 664 petimus,
327 585 364 646 ut
386 582 646 664 uiuacitate,qua
669 581 784 663 quietis
809 580 1039 646 ecclesiastieae
1059 582 1206 662 coepistis
1224 582 1280 646 ini-

150 687 247 763 tium,
266 686 609 768 procuratiseffectum
628 690 669 763 et,
689 706 885 770 quocumque
913 687 1120 751 contentionis
1149 687 1280 752 alicuius

152 793 299 858 uideritis
337 796 524 859 remansisse
560 794 705 876 uestigia,
736 793 851 857 curetis
887 792 989 857 modis
1023 794 1166 858 omnibns
1202 795 1281 858 inse-

115 899 291 983 squenda.
329 899 441 965 adeste
482 900 684 964 ecclesiarum
724 899 774 963 dei
814 899 1013 982 plenissimae
1053 899 1282 982 tranquillitati,

155 1006 295 1071 insistite
311 1079 312 1082 Ἴ
326 1005 426 1070 labori
458 1025 551 1088 quem
582 1005 654 1069 fidei
685 1008 807 1072 uestrae
839 1023 965 1069 munere
995 1006 1117 1069 domino
1150 1005 1283 1069 curastis

158 1112 278 1177 offerre.
301 1112 406 1176 facitis
430 1112 522 1187 enim,
541 1115 578 1176 ut
594 1111 710 1175 maiore
730 1130 747 1174 a
765 1111 857 1175 uobis
876 1110 991 1175 fiducia
1010 1111 1169 1195 exigamus
1187 1111 1283 1192 pleni-

157 1218 312 1294 tudinem,
340 1237 418 1300 quos
446 1219 640 1301 gratulamur
667 1217 858 1282 desideratae
886 1217 1061 1280 diutissime
1089 1217 1285 1282 adunationis

157 1325 249 1388 initia
271 1324 381 1388 uotiua
403 1324 562 1389 fundasse.
608 1325 689 1388 Data
712 1324 763 1387 die
785 1342 847 1405 quo
871 1335 1011 1404 (supra)
1029 1342 1114 1387 cons.
1134 1343 1174 1388 ss.

124 1647 147 1686 l
673 1619 779 1704 (nac.)

205 1764 361 1810 noarnson
383 1763 533 1809 uroscoao
556 1763 704 1810 unacono.
750 1744 798 1808 Dc
825 1744 940 1822 laboris
964 1744 1012 1807 tui
1035 1744 1170 1825 quidem,
1194 1765 1285 1826 quem

161 1851 211 1916 dei
235 1851 456 1935 omnipotentis
479 1851 638 1914 innomine
657 1849 835 1931 suscepisti,
859 1868 912 1931 pro
937 1869 973 1914 ea
994 1853 1092 1931 parte,
1116 1868 1194 1931 quae
1218 1854 1287 1914 acta

162 1961 219 2034 est,
253 1958 447 2040 gratulamur
478 1957 590 2021 effectu
622 1956 796 2020 indicantes
831 1955 974 2019 omnibus
1010 1955 1121 2019 Italiae
1152 1955 1287 2037 populis,

159 2083 239 2146 quae
267 2066 393 2128 auctore
421 2063 478 2128 deo
508 2083 563 2146 per
584 2067 616 2126 te
640 2065 709 2128 acta
737 2064 819 2139 sunt,
846 2061 1004 2142 placuisse
1028 2065 1059 2124 et
1082 2062 1198 2144 gratias
1228 2060 1286 2126 deo

125 2175 267 2236 nnostro
301 2170 367 2234 sine
400 2170 574 2234 cessatione
606 2168 827 2250 persoluimus,
860 2167 914 2248 qui
941 2171 972 2231 te
999 2167 1075 2231 fecit
1105 2186 1282 2251 agnoscere,

161 2276 317 2359 quianon
345 2295 400 2358 pro
429 2276 498 2340 odio
529 2275 584 2340 sed
605 2294 660 2358 pro
685 2293 798 2338 causae
827 2273 928 2357 magis
955 2273 1051 2338 fueris
1079 2274 1283 2356 amplitudine

160 2366 346 2447 destinatus.
378 2381 460 2446 unde
493 2381 637 2463 quoniam
665 2380 840 2462 supplicem
868 2383 900 2443 et
925 2399 1034 2462 puram
1065 2380 1282 2463 cogitationem
1307 2380 1328 2442 2

160 2491 300 2564 nostram
335 2507 391 2571 per
421 2492 453 2552 te
484 2486 696 2551 misericordia
729 2487 852 2550 diuinae
887 2485 1117 2570 propitiationis
1153 2485 1282 2563 adiuuit,

161 2613 288 2667 necesse
316 2603 374 2667 est,
402 2598 439 2659 ut
471 2594 509 2658 de
536 2594 712 2660 industriae
739 2593 792 2658 uel
818 2592 1011 2677 fatigationis
1043 2595 1117 2657 tuac
1148 2592 1284 2674 praemio

119 2727 146 2766 ii
161 2705 195 2767 ei
226 2701 443 2766 uicissitudine
475 2700 660 2784 cogitemus.
692 2720 764 2763 narn
796 2700 938 2782 sequenti
974 2701 1115 2780 tempore
1152 2699 1284 2763 scribere

163 2807 276 2905 'domno
309 2810 341 2870 at
367 2807 432 2872 filio
460 2811 566 2872 nost-ro
593 2806 772 2888 imperatori
799 2806 1003 2887 disponimus,
1032 2808 1069 2869 ut
1099 2810 1130 2871 te
1158 2807 1285 2870 Alexan-

162 2914 286 2978 drinum
318 2913 500 2995 episcopum
528 2912 639 2977 debeat
671 2911 820 2977 ordinare.
848 2912 968 2976 iustum
996 2915 1045 2976 est
1072 2912 1164 2987 enim,
1192 2914 1286 2975 ntea

164 3000 584 3084 doctrinauelmoder·atione
599 3022 654 3083 tua
663 3019 835 3102 corrigatur
849 3018 991 3096 ecclesia,
1000 3019 1032 3082 in
1048 3038 1109 3100 qua
1122 3019 1286 3100 praecipue

164 3126 201 3190 ab
224 3125 296 3189 istis
320 3125 431 3190 aetatis
450 3129 523 3189 tuae
541 3125 702 3208 principiis
718 3125 871 3188 militasti.
917 3144 987 3188 nam
1008 3125 1169 3206 displicuit
1186 3123 1285 3200 nobie,
1309 3120 1331 3183 3

115 3257 143 3298 is
162 3226 249 3315 'quod
279 3232 440 3295 caritatem
471 3235 559 3295 tuam
591 3231 855 3295 clementissimus
882 3231 1051 3313 imperator
1077 3230 1287 3294 Antiochense

202 3455 215 3508 1
236 3455 356 3517 de<bita>
368 3467 449 3519 u<o>s
469 3457 609 3526 temptaui,
628 3456 720 3510 debita
746 3455 822 3510 Can:
847 3439 883 3508 eff
895 3458 939 3523 (=
951 3455 1025 3524 dens)
1044 3457 1068 3508 V
1099 3457 1115 3510 2
1135 3453 1242 3526 cepistis
1265 3451 1292 3505 V

165 3543 354 3613 dpleuissime
378 3545 405 3599 V
510 3545 676 3599 6insisstite
699 3544 726 3598 V
845 3544 944 3598 curasti
965 3545 995 3609 V,
1014 3560 1081 3599 coer.
1101 3542 1128 3615 9²
1226 3542 1289 3597 8di

164 3631 300 3702 ustissime
323 3632 354 3696 V,
373 3648 441 3690 corr,
461 3651 478 3684 α
531 3634 547 3687 9
567 3632 630 3686 data
649 3632 684 3701 dq
703 3649 774 3687 cons.
793 3649 826 3688 ss.
851 3632 886 3695 V;
907 3649 951 3702 epo
970 3650 1049 3702 supra
1066 3633 1172 3687 inserui

202 3721 264 3775 175.
301 3721 369 3775 Dat.
394 3721 488 3787 (mmai
505 3737 564 3774 cam
582 3738 620 3789 cp.
643 3725 716 3788 227)
737 3739 762 3776 α.
790 3725 841 3775 519
865 3722 908 3776 die
927 3725 945 3774 3
962 3722 1042 3789 Dec.;
1060 3738 1111 3789 per
1128 3721 1288 3774 Paulinum.

166 3809 240 3864 Edd.
262 3809 324 3863 Car.
343 3811 373 3862 Ι2
393 3811 467 3874 508;
493 3809 599 3865 Collect.
628 3809 745 3876 Concii;
766 3809 848 3863 BTA
865 3810 887 3863 Ι
903 3814 970 3878 431,-
994 3810 1072 3863 Tiici
1091 3811 1163 3876 905,·
1180 3824 1288 3862 comme-

166 3897 343 3953 morat.Bar.
363 3899 401 3950 ad
418 3913 444 3951 a.
466 3899 526 3959 519,
545 3902 608 3952 134.
688 3898 731 3952 De
749 3898 927 3952 similitudine
945 3898 1077 3966 epistulae
1093 3901 1148 3950 173
1167 3897 1200 3963 ef.
1221 3914 1291 3964 quae

167 3987 244 4040 illius
252 3986 333 4040 initio
351 3986 508 4040 cuinotaai.
546 3987 735 4057 lisimplicem
751 3987 829 4040 Tiici
880 4004 946 4056 pura
961 3987 992 4049 V,
1012 4002 1103 4040 corno
1140 3986 1172 4038 21
1185 3985 1288 4038 alexan·

167 4075 270 4129 drinam
293 4075 324 4137 V,
344 4091 445 4129 como
533 4076 567 4129 22
587 4092 619 4129 ea
641 4075 675 4128 V:
695 4077 743 4128 tua
760 4074 788 4128 ο2
883 4076 915 4129 23
934 4075 979 4128 uel
997 4074 1107 4142 scripsi:
1125 4076 1156 4126 ut
1178 4073 1210 4137 V,
1230 4077 1291 4144 etp

168 4159 202 4219 24
221 4164 280 4217 istis
303 4163 338 4217 V:
357 4164 422 4233 ipsis
442 4164 504 4229 Car.
576 4164 686 4218 militati
709 4164 739 4226 V,
758 4180 826 4218 corr.
847 4162 873 4213 0²
