2864 4620
1 247 64 312 564
178 245 334 299 Anastasius
351 245 520 313 Honuisdaa;
539 247 661 300 monachi
679 248 770 316 Syriae
787 247 944 302 Honuisdae

24 458 58 504 os
87 442 119 504 et
144 439 283 522 integros
311 439 349 504 ab
377 440 461 505 omui
488 442 753 523 transgressorum
777 442 924 506 societate
948 445 1125 517 seruantes,

1 549 38 610 ut
59 549 114 610 aut
136 564 208 609 cum
231 545 376 610 correctis
399 565 509 611 seusus
532 549 563 610 et
586 543 1125 630 aor·daiungam1'1sautabeorum

24 651 128 716 enanis
158 650 269 715 intacti
300 669 369 716 asse
401 670 582 718 mereamur.
611 671 682 716 nam
711 653 774 735 qui,
802 653 884 717 siout
911 672 969 719 uos
997 672 1125 736 quoque

1 757 223 822 conscientiam
238 761 446 822 nostrumnon
461 759 558 823 latere
573 757 742 836 testamini,
759 758 904 823 nouimus
915 758 1124 842 Eutychetem

3 866 96 946 atque
135 862 315 928 Nestorium
355 863 543 946 apostolicae
582 863 616 927 id
656 867 706 928 eat
745 865 914 929 catholicae
951 865 1125 930 sententiae
1155 883 1169 924 a

2 969 187 1035 auctoritate
210 969 386 1034 damnatos:
410 969 673 1053 quemadmodum
696 971 776 1035 salui
800 989 868 1034 esse
889 971 1071 1052 poterimus,
1096 971 1125 1036 si

2 1094 110 1139 eorum
142 1075 348 1140 sectatoribus
380 1094 415 1140 ac
445 1076 581 1157 posteris
613 1076 753 1158 qualibet
782 1079 869 1159 parte
897 1077 1124 1142 communionis

1 1182 196 1259 haereamus,
224 1199 295 1246 oum
322 1182 423 1247 Belial
446 1203 517 1248 oum
541 1183 664 1249 Christo
687 1187 792 1250 nostro
816 1185 987 1266 portionem
1009 1184 1124 1249 habere

2 1308 63 1353 uon
76 1288 201 1372 possit?
245 1287 460 1354 instructionis
475 1292 711 1355 autemuestrae
721 1291 870 1356 interesse
881 1288 1124 1366 are<di>dimus,

4 1397 39 1459 ut
61 1412 106 1472 aa,
131 1413 210 1477 quae
233 1393 318 1476 apud*
337 1411 394 1458 nos
417 1413 436 1457 a
457 1393 684 1478 Nicopolitanis
707 1396 760 1460 uel
781 1395 933 1460 Dardanis
952 1398 1022 1460 acta
1040 1397 1124 1471 sunt,
1142 1415 1168 1455 ιο

2 1501 55 1565 uel
87 1519 147 1582 quo
179 1499 211 1563 iu
243 1500 491 1564 communionem
523 1500 628 1565 ordina
666 1501 729 1565 sint
763 1502 889 1584 recepti,
926 1501 1016 1566 uobis
1051 1503 1126 1565 nota

17 1625 178 1672 aceremus
195 1606 334 1688 ipsarum
352 1607 486 1671 lectione
505 1607 689 1672 chartarum.
753 1607 834 1672 Data
850 1606 917 1671 XV.
936 1606 1007 1671 Kal.
1031 1605 1125 1671 Mart

3 1712 137 1796 Agapito
161 1730 245 1777 cons.

510 1800 617 1886 (138.)

48 1942 239 1988 massanus
254 1935 411 1990 sacoaras
425 1942 597 1988 normanus
611 1943 736 1988 rursu
765 1923 834 1988 Etsi
847 1943 995 2007 maguum
1009 1923 1130 2006 aliquid
1146 1943 1172 1986 ιο

5 2026 202 2096 taciturnitas
229 2029 395 2107 iudicatur,
422 2031 527 2093 tamen
555 2030 765 2095 necessarium
793 2033 842 2094 est
868 2029 1055 2095 admirantes
1078 2029 1131 2094 dei

4 2135 251 2200 misericordiam
273 2135 399 2200 assidue
421 2136 615 2218 frequentare
639 2155 823 2214 sermonem,
847 2139 879 2201 et
906 2136 979 2217 quia
1003 2134 1129 2199 initium

7 2239 90 2320 fidei,
109 2258 201 2322 quam
218 2258 275 2305 nos
294 2239 438 2308 domiuus
457 2243 489 2305 at
507 2239 583 2305 deus
602 2242 741 2306 saluatur
757 2244 863 2306 noster
880 2240 969 2305 Iesus
985 2240 1130 2306 Christus

8 2345 128 2423 docuit,
159 2347 191 2410 iu
221 2346 405 2412 remissione
440 2350 637 2429 peccatorum
673 2347 847 2431 praecellit,
884 2346 963 2411 nulli
999 2347 1133 2411 habetur

7 2452 159 2537 ignotum.
201 2453 269 2537 ipse
301 2453 383 2518 enim
414 2472 470 2535 par·
500 2453 656 2537 propriam
688 2454 866 2535 passionem
898 2453 1000 2518 omnia
1029 2452 1131 2518 Adam
1148 2475 1175 2516 ιο

3 2559 136 2642 peccata
162 2559 331 2625 mundarit
353 2563 386 2624 et
411 2559 488 2624 haee
515 2559 576 2623 fuit
603 2559 775 2642 negotiatio
802 2559 992 2624 humilitatis
1017 2558 1130 2642 ipsius,

6 2666 44 2728 ut
71 2666 103 2728 et
127 2665 301 2746 praefatum
326 2668 358 2730 et
380 2681 488 2742 omnes
513 2668 617 2748 patres
646 2664 791 2730 liberaret
818 2684 853 2729 ex
880 2664 1033 2729 semitute
1060 2682 1132 2747 pec·

9 2770 80 2847 cati,
96 2772 273 2837 uoluntaria
295 2792 458 2857 personam
482 2772 565 2837 serui
587 2771 773 2853 suscipiens.
795 2790 866 2834 uam
884 2771 995 2836 beatus
1012 2771 1131 2835 Paulus

9 2875 170 2958 apostolus
193 2877 300 2942 docuit
321 2897 377 2942 nos
401 2877 537 2943 scribens
562 2876 600 2940 ad
622 2876 795 2940 Romanos:
818 2877 1006 2959 regnauit
1026 2894 1130 2940 mors

10 2982 54 3046 ab
77 2981 196 3047 Adam
223 3002 348 3066 usque
372 2983 416 3047 ad
438 2980 599 3066 Moysen
623 2980 720 3045 etin
744 3001 823 3060 eos,
852 2981 919 3065 qui
945 3000 1019 3047 non
1046 2999 1130 3065 pec·
1149 3007 1178 3047 οι

10 3092 212 3154 cauerunt.
250 3108 286 3154 ax
309 3109 370 3173 quo
394 3089 447 3155 ast
465 3089 663 3153 uniuersitati
685 3088 912 3170 quodammodo
941 3088 1131 3153 declaratum

10 3213 47 3258 ex
82 3195 217 3279 generali
247 3195 451 3277 dispositione
489 3194 557 3259 siue
592 3193 788 3260 mirabilibus
824 3193 972 3277 specialia
1007 3211 1131 3276 quoque

10 3303 150 3383 exempla
172 3300 283 3368 debere
306 3300 465 3383 suscipere
489 3299 589 3364 semel
611 3301 698 3362 tauta
725 3317 856 3383 magnae
882 3299 964 3384 legis
991 3298 1131 3364 iussione

97 3490 113 3544 8
132 3490 165 3547 cf.
185 3489 244 3546 Gor.
262 3490 290 3544 Π
307 3493 333 3556 6,
353 3491 385 3545 15
438 3490 472 3545 23
491 3489 524 3544 ef.
542 3488 660 3569 Philipp.
679 3490 705 3554 2,
724 3490 740 3543 7
794 3490 829 3542 24
846 3489 921 3542 Rom.
941 3491 965 3550 5,
987 3489 1020 3542 14

45 3617 61 3669 2
78 3618 110 3668 ut
127 3618 217 3669 autem
235 3630 293 3668 cum
310 3612 341 3679 V,
359 3628 427 3668 corr.
446 3613 473 3683 ρ2
506 3616 525 3669 4
543 3614 684 3669 euticetem
701 3612 728 3667 V
760 3611 777 3664 8
795 3612 902 3666 hereum
920 3611 951 3676 V,
963 3611 1130 3666 herasmuso

10 3703 172 3758 teredimus
194 3702 226 3770 V,
244 3701 349 3757 correct
824 3736 826 3741 .

45 3792 111 3848 188.
151 3791 218 3845 Dat.
238 3807 264 3845 a.
286 3792 339 3843 517
357 3790 400 3843 dic
417 3794 447 3842 11
465 3791 520 3845 lat.
556 3791 629 3844 Edu.
651 3788 713 3844 Gur.
733 3787 764 3841 1²
784 3791 858 3856 470,·
874 3788 943 3844 Bur.
964 3788 1003 3841 ad
1021 3804 1047 3840 a.
1069 3790 1130 3851 517,

13 3884 64 3947 48,·
84 3879 189 3934 (laliaci.
212 3877 327 3946 conata
348 3878 427 3933 Ttiel
445 3881 505 3935 813.
606 3864 645 3933 Ε
661 3893 790 3933 camenas
813 3876 837 3929 V
939 3877 971 3933 19
990 3875 1085 3930 abatur
1107 3875 1135 3929 V

10 3968 194 4038 20propriam
213 3989 239 4022 o:
257 3969 342 4037 priam
365 3967 390 4020 V
453 3968 487 4022 22
505 3967 667 4038 praetactum
690 3967 716 4021 V
783 3969 874 4036 patres
896 3964 933 4018 V:
951 3964 1046 4017 iratres
1067 3963 1131 4018 Car.

11 4058 43 4110 27
64 4073 167 4126 quoque
186 4042 243 4126 (ᾗ)
267 4056 303 4109 V:
322 4072 440 4126 quaeque
460 4077 482 4119 o,
502 4059 630 4126 quemquo
653 4055 732 4108 roret
789 4055 825 4108 28
842 4052 959 4107 iussione
981 4052 1058 4105 Gau:
1076 4052 1132 4106 ius-

11 4146 92 4199 sionis
115 4145 141 4198 V
