2894 4634
257 299 319 361 740
393 293 511 347 Iustinus
530 289 699 356 Horrnisdae3
719 289 883 360 Epiphanius
901 289 1058 361 (lpolitanus
1075 290 1233 346 Hormiedae

254 489 345 554 bonis
368 486 506 552 moribus
530 487 588 550 sub
611 485 793 567 probatione
815 484 916 550 factae
935 467 1115 550 concordiae
1133 492 1377 570 praesusceptae

211 603 296 666 3e*
324 599 398 659 sunt
426 594 554 657 diuina?
583 595 770 676 quapropter
795 592 899 657 facitis
933 596 1049 669 sancte,
1081 593 1184 657 facitis
1216 593 1376 677 religiose,

254 701 358 766 facitis
393 700 453 783 pie,
491 699 575 782 quod
610 699 737 763 ueritati
772 699 987 763 testimonium
1018 699 1152 764 libenter
1182 699 1377 782 impenditis,

256 807 338 889 quod
364 807 537 888 praemium
565 806 642 870 bene
670 805 790 870 meritis
819 824 881 871 non
907 805 1047 888 uegetis:
1076 805 1149 886 quia
1175 805 1258 870 idem
1292 824 1379 870 error

256 918 305 978 est
344 916 446 978 tacere
484 913 659 990 ueritatem,
697 899 756 993 qui
788 915 837 977 est
858 910 962 980 ..falsis
999 911 1160 989 adsistere,
1199 915 1230 976 et
1267 912 1376 976 eadem
1409 931 1422 969 s

255 1019 411 1084 iniustitia
437 1022 486 1084 est
513 1019 539 1083 ei
568 1021 700 1102 negetur
726 1018 824 1084 honor
849 1018 989 1082 moribus
1011 1018 1146 1101 placitis,
1172 1038 1251 1100 quae
1275 1024 1328 1083 est
1350 1019 1378 1082 si

256 1125 442 1189 concedetur
467 1124 614 1208 indignis.
643 1128 762 1187 certum
790 1125 848 1201 est,
876 1123 1092 1202 amantissimi,
1115 1124 1295 1206 participari
1318 1145 1379 1189 uos

256 1250 327 1295 cum
364 1229 533 1295 sacerdotis
570 1228 716 1294 laudibus
750 1229 914 1307 intimatis,
951 1229 1025 1311 quia
1055 1230 1140 1295 omni
1170 1231 1379 1296 fraternitatis

255 1339 378 1401 uestrae
415 1337 514 1411 ordini
547 1335 773 1412 transcribitur,
807 1335 888 1417 quod
920 1335 952 1398 in
984 1354 1057 1413 uno,
1089 1354 1180 1417 quem
1214 1355 1249 1400 ex
1281 1336 1380 1400 uobis

212 1440 408 1526 delegistis,
442 1461 511 1507 esse
542 1442 698 1506 laudatur.
732 1442 809 1506 deus
842 1443 1036 1523 omnipotens
1063 1442 1134 1507 fidei
1162 1460 1238 1506 suae
1264 1461 1378 1524 pacem
1401 1462 1425 1500 ro

256 1548 313 1613 sub
323 1548 532 1631 perpetuitate
542 1567 729 1613 conseruuns
740 1547 921 1613 electionem
933 1547 1380 1630 ordinationemqueuestram,

255 1671 349 1735 quam
375 1652 591 1717 insinuandam
621 1653 687 1717 sedi
715 1652 904 1735 apostolicae
925 1671 981 1733 per
1003 1653 1170 1717 Iohannem
1193 1652 1320 1717 fratrem
1347 1656 1382 1717 et
1424 1675 1426 1679 ’

257 1758 475 1841 coepiscopum
503 1762 644 1823 nostrum
671 1777 727 1822 nec
754 1777 814 1822 uon
847 1760 878 1822 et
909 1758 1128 1823 Heraclianum
1158 1758 1381 1841 presbyterum

257 1867 349 1946 atque
365 1864 601 1930 Constantinum
617 1864 779 1929 diaconum
795 1864 877 1928 filios
891 1868 1014 1929 nostros
1028 1864 1173 1948 religiose
1187 1864 1381 1940 credidistis,

256 1972 343 2033 tanta
369 1969 516 2034 firmitate
544 1970 697 2035 confortet
724 1973 756 2035 et
781 1970 827 2034 ita
849 1971 986 2034 omnium
1011 1969 1253 2035 discordantium
1276 1971 1381 2035 lueta-
1402 1991 1423 2032 rs

255 2075 339 2138 mina
362 2075 493 2151 disiciut,
517 2076 562 2139 ita
585 2075 803 2139 dissidentium
827 2075 920 2140 corda
942 2078 1129 2157 compescat,
1152 2079 1199 2154 nt,
1227 2077 1381 2159 quemad-

255 2180 382 2245 modum
401 2181 459 2245 sub
478 2181 571 2245 fratre
587 2186 618 2245 et
636 2180 819 2266 coepiscopo
837 2186 944 2246 nostro
960 2182 1131 2264 Epiphanio
1150 2173 1380 2265 pacificationis

256 2286 363 2350 datum
391 2290 440 2350 est
465 2287 627 2365 iudicium,
656 2286 852 2371 gratulemur
879 2287 1033 2353 effectum.
1100 2288 1183 2352 Data
1208 2288 1279 2352 Vll.
1304 2289 1380 2357 Kal.

214 2431 215 2435 =
255 2392 352 2474 April.
375 2391 500 2457 Ualerio
525 2413 609 2458 eone.

299 2619 397 2664 busun
419 2620 453 2665 IN
477 2620 578 2665 CAUSA
600 2621 796 2666 ABUNDANTII
818 2621 959 2666 EPISGOPI
982 2613 1316 2674 uunln<uo>1³0u1uuu1
1341 2623 1379 2668 IN
1396 2630 1422 2668 8⁰

256 2725 376 2770 summio
399 2725 549 2770 llABllliUS.

774 2867 849 2933 241.

297 3007 437 3053 susumus
464 3009 622 3055 nucusuus
649 2868 821 3056 uonnsfmn
848 2867 964 3057 geren.
1030 2991 1075 3057 Ut
1101 2990 1184 3075 quod
1209 2992 1239 3056 in
1273 2992 1377 3059 Paulo

254 3094 321 3158 uiro
355 3095 604 3160 reuerentissimo
637 3095 769 3181 contigit
801 3096 992 3180 apostolatui
1018 3099 1124 3161 uestro
1151 3096 1289 3180 patefiat,
1319 3097 1378 3180 qui

255 3200 427 3265 sacerdotio
454 3202 612 3284 praeditus
639 3202 850 3268 Antiochense
878 3202 1017 3267 ciuitatis
1049 3202 1095 3266 ita
1125 3204 1270 3267 uersatus
1303 3221 1377 3268 esse
1395 3226 1419 3267 a

290 3390 301 3442 1
326 3394 389 3457 poet
411 3394 596 3462 praesuscepte
621 3392 750 3445 lacunam
773 3388 804 3444 11
821 3392 1052 3459 scre-litterarum
1067 3391 1176 3460 reliquit
1199 3390 1377 3462 Kpraesus·

254 3481 331 3546 cepta
340 3478 524 3547 <argumenta>
541 3483 603 3533 sunt
614 3479 689 3533 Bull.
702 3473 800 3546 Tace,
810 3480 929 3546 fortasse
942 3481 1013 3533 talio
1027 3479 1124 3548 aliqua
1133 3480 1377 3549 ceciderantprae·

254 3569 392 3634 susceptae
411 3564 486 3635 <spes
505 3571 629 3635 operante
648 3568 790 3622 clementia
808 3569 942 3639 expletae>
952 3573 1015 3622 sunt
1067 3571 1083 3623 9
1102 3562 1319 3622 transcribuntur
1343 3570 1376 3631 V,

254 3668 321 3706 corr.
344 3653 406 3706 edit.
428 3669 479 3721 rep.
569 3657 601 3708 14
623 3656 685 3708 filiis
707 3657 806 3710 nostris
828 3657 860 3718 V,
884 3673 951 3711 cerr.
970 3656 996 3727 p²
1098 3658 1129 3711 15
1152 3657 1300 3713 luctumiua
1320 3661 1378 3716 dis·

224 3740 226 3743 ’
254 3740 331 3794 eiciat
353 3739 384 3803 V,
402 3739 512 3794 eorr.o²
547 3742 579 3794 16
598 3746 767 3812 compescant
788 3743 819 3810 V,
838 3759 905 3797 corr.
924 3742 951 3794 ο2
995 3744 1027 3797 17
1046 3744 1161 3814 epifauio
1184 3743 1210 3797 V
1249 3748 1283 3801 19
1302 3750 1378 3816 apri·

253 3827 287 3882 lis
313 3828 340 3881 V
424 3829 458 3882 20
479 3845 516 3897 eq.
538 3831 623 3884 uerba
648 3835 725 3900 gesta
740 3874 745 3885 .
761 3874 767 3884 .
781 3831 908 3885 habemus
930 3848 999 3900 quae
1021 3832 1167 3887 collectoris
1186 3839 1254 3888 sunt
1277 3835 1379 3892 litante

253 3915 412 3972 minusculis
432 3917 458 3970 V
473 3935 546 3972 rnen.
564 3923 579 3972 1
595 3919 626 3972 in
642 3936 718 3974 neue
736 3921 809 3974 linea
826 3919 934 3988 sempsit
1001 3920 1185 3989 traiapolitani
1207 3921 1233 3974 V

289 4003 354 4059 241.
416 4005 477 4058 Dat
502 4007 596 4071 (sinaut
613 4023 672 4061 cum
690 4023 728 4076 ep.
746 4010 865 4075 mla.
887 4010 938 4061 521
955 4007 999 4062 die
1016 4011 1031 4060 1
1047 4007 1136 4061 Mae
1164 4009 1237 4063 Eud.
1261 4010 1327 4067 Oar.
1348 4013 1380 4068 1²

257 4095 328 4157 562,·
344 4092 414 4145 Bor.
433 4093 471 4146 od
484 4109 511 4146 a.
528 4095 580 4147 521
599 4097 651 4161 37;
671 4094 777 4149 Celleet.
794 4094 911 4161 concil,-
932 4094 1009 4148 rutel
1028 4097 1093 4150 983.
1129 4096 1164 4149 25
1180 4096 1321 4165 predictus
1346 4102 1379 4170 V,

152 4196 182 4227 a
253 4195 355 4250 emp
