2864 4620
665 280 707 334 111
725 282 820 338 a-ra.
1243 288 1307 350 797

169 471 253 535 dum
282 475 368 537 esset
390 472 501 550 laicus,
525 473 627 538 suerat
650 477 814 539 accusator
835 474 984 541 Nestorii.
1009 477 1143 542 deicitur
1164 479 1305 544 Domnus

163 579 401 656 Antiochenus‚
430 582 537 644 sancte
563 581 712 645 memorie
745 581 925 664 praedictus
957 582 1127 649 Flauianus
1160 585 1306 669 dirigitur

161 683 204 747 in
228 684 367 763 exilium,
391 684 446 748 ubi
470 686 565 750 etiam
589 687 756 752 defunctus
780 690 839 754 est.
863 690 986 754 mortuo
1003 689 1110 772 itaque
1129 690 1303 756 Theodosio
1336 695 1357 758 8

161 790 360 872 imperatore
379 791 559 857 Marcianus
577 787 680 858 faetus
700 796 749 858 est
765 794 920 876 princeps,
939 795 1038 859 lesam
1057 796 1150 860 fidem
1166 797 1304 880 grauiter

113 912 122 948 ἰ
167 898 285 961 ferens.
310 898 399 962 cuius
422 898 571 982 religiosa
592 900 731 965 iussione
751 901 940 974 conueniunt
958 901 1035 966 Nice
1054 903 1190 986 amplius
1209 923 1302 987 quam

173 1003 339 1088 quingenti
366 1008 399 1069 et
425 1006 509 1069 ultra
537 1006 676 1089 episcopi
703 1007 802 1072 totius
830 1005 966 1072 Orientis
996 1013 1028 1072 et
1054 1008 1179 1092 Egypti.
1209 1028 1302 1090 quam

173 1111 327 1193 synodum
354 1115 466 1193 postea
493 1113 656 1177 transtulit
684 1112 890 1179 calcedonam
911 1117 1038 1197 propter
1060 1115 1169 1198 palatii
1192 1117 1301 1180 uicini-

172 1219 280 1283 tatem.
295 1218 437 1284 interibit
451 1219 547 1283 etiam
561 1220 630 1312 ipse
644 1219 813 1301 imperator
828 1219 1006 1297 concentui,
1021 1219 1163 1285 interfuit
1173 1224 1301 1285 senatus

173 1329 204 1388 et
222 1343 329 1389 omnes
346 1325 468 1390 iudices
488 1329 521 1390 et
538 1325 639 1390 aulice
657 1329 840 1409 potestates.
860 1327 1016 1391 Eusebius
1030 1327 1084 1390 ille
1097 1325 1300 1407 Dorolitanus
1333 1333 1353 1396 9

113 1445 140 1484 ο
172 1430 338 1512 episcopus
371 1433 442 1496 ante
474 1451 590 1496 annum
628 1433 666 1498 de
703 1433 795 1498 exilio
831 1433 956 1518 hrgiens
992 1433 1125 1498 Romam
1161 1437 1299 1512 uenerat,

172 1537 266 1601 etiam
285 1536 359 1602 hnic
378 1538 496 1622 synodo
515 1539 667 1603 interesse
686 1540 874 1621 properauit.
889 1542 1018 1604 accusat
1030 1540 1098 1622 ipse
1116 1522 1300 1605 Dioscorum

171 1647 202 1706 et
220 1644 300 1708 alios
318 1643 550 1710 Alexandrinos.
570 1645 647 1727 quid
665 1645 787 1709 multa?
808 1645 973 1709 damnatur
990 1646 1173 1724 Dioscorus,
1192 1649 1299 1711 sancte

169 1751 318 1815 memorie
331 1750 476 1815 Flauiani
494 1769 608 1832 corpus
627 1751 858 1816 officiosissime
878 1750 1178 1833 Constantinopolim
1197 1771 1299 1835 repor-

169 1860 263 1934 tatur,
301 1856 384 1938 apud
418 1857 636 1922 Alexandriam
671 1856 832 1922 Proterius
865 1858 1042 1922 catholicus
1073 1860 1111 1921 lit
1142 1858 1296 1923 sacerdos.

113 1972 149 2017 1⁵
169 1962 296 2045 quidam
334 1964 518 2029 Timotheus
554 1962 717 2046 presbyter
754 1968 785 2027 et
820 1963 935 2028 Petrus
971 1963 1121 2028 diaconus
1153 1964 1350 2033 DioscoriIO

168 2073 339 2136 sectatores
369 2089 402 2135 se
429 2071 467 2135 ab
494 2070 702 2142 Alexandrina
729 2070 864 2135 ecclesia
891 2073 1083 2152 separarunt.
1112 2089 1191 2151 quos
1223 2089 1296 2134 cum

166 2177 328 2242 Pretorius
357 2177 524 2259 opiscopus
552 2175 591 2240 ad
617 2176 791 2241 ministeria
818 2196 876 2241 sua
906 2195 1054 2241 reuocare
1085 2196 1146 2241 non
1176 2179 1294 2258 posset,

164 2287 336 2365 utrumque
360 2282 531 2347 damnauit.
554 2285 679 2349 mortuo
701 2283 801 2367 igitur
817 2283 957 2365 principe
974 2280 1133 2356 Marciano
1153 2281 1294 2347 collectis

164 2390 372 2454 hereticorum
400 2389 501 2453 turbis
526 2389 711 2454 Timotheus
735 2391 767 2453 et
788 2389 901 2453 Petrus
924 2388 1056 2452 ueniunt
1077 2387 1293 2452 Alexandriam

113 2513 146 2558 ao
164 2499 198 2560 ct
235 2496 395 2560 ordinatur
430 2496 467 2559 ab
505 2495 650 2560 hereticis
688 2495 871 2560 Timotheus
908 2484 1085 2578 episcopua
1123 2496 1294 2576 occupatur

165 2602 309 2680 ecelesia,
347 2601 386 2665 ad
418 2621 513 2684 quam
545 2621 579 2666 se
612 2603 718 2666 sancte
749 2601 899 2665 memorie
930 2599 1092 2667 Proterius
1125 2600 1292 2683 episcopus

162 2709 277 2774 timore
313 2709 489 2773 contulerat
523 2709 630 2790 ibique
666 2708 699 2771 in
737 2706 922 2788 baptisterio
964 2705 1118 2776 occiditur
1156 2705 1293 2770 laniatur

163 2814 278 2880 eicitur
305 2817 337 2879 et
362 2816 469 2880 fumus
498 2815 566 2880 eius
593 2814 769 2879 incenditur
797 2813 971 2896 cinerisque
998 2813 1101 2895 ipsius
1133 2811 1292 2895 spargitur

160 2921 194 2984 in
217 2924 341 2987 uentos.
363 2921 426 2985 Leo
450 2922 556 3003 itaque
576 2921 664 2984 subit
680 2919 856 3001 imperium,
876 2919 916 2983 ad
935 2938 1028 3001 quem
1046 2918 1127 2982 tanti
1144 2917 1290 2982 facinoris
1302 2917 1340 2981 ll

113 3051 141 3093 aa
161 3027 303 3109 querella
318 3028 472 3109 peruenit.
491 3027 624 3091 heretici
637 3029 741 3091 autem
756 3025 985 3109 supplicabant,
999 3027 1037 3089 ut
1051 3022 1291 3090 calcedonensis

161 3133 301 3216 synodus
320 3134 512 3211 aboleretur;
533 3133 680 3198 catholici
699 3135 731 3197 et
749 3134 857 3197 contra
873 3131 952 3196 tanti
972 3131 1100 3196 sceleris
1118 3129 1290 3194 uindictam

161 3239 356 3321 expetebant.
380 3239 580 3304 considerans
603 3239 710 3320 itaque
732 3238 902 3320 imperator
923 3237 1016 3300 nimis
1036 3255 1104 3300 esse
1124 3253 1289 3300 onerosum

158 3346 267 3413 uexari
297 3348 403 3410 tantos
434 3345 550 3410 iterum
583 3344 771 3421 sacerdotes,
799 3362 932 3425 quorum
958 3343 1111 3426 plurimos
1139 3344 1196 3405 aut
1222 3343 1288 3404 etas

160 3453 217 3518 aut
243 3450 408 3516 infirmitas
436 3454 493 3515 aut
515 3452 610 3516 etiam
632 3453 800 3533 paupertas
824 3449 906 3513 hunc
929 3449 1034 3514 labore
1058 3446 1288 3529 subireprohi-

113 3557 286 3635 cebebant,
310 3557 419 3641 dirigit
440 3558 542 3642 magis
566 3557 752 3622 christianos
775 3574 831 3638 per
853 3557 957 3620 totum
980 3553 1156 3628 Orientem3
1179 3552 1288 3636 dirigit

161 3662 257 3727 etiam
283 3662 449 3728 Anatolius
478 3664 647 3746 episcopus
675 3660 1039 3743 constantinopolitanus
1067 3657 1286 3740 Asclepiadem

160 3768 324 3833 diaconum
354 3789 447 3834 suum
475 3768 514 3833 ad
542 3769 716 3852 episcopos,
741 3767 794 3848 qui
818 3766 992 3832 Calcedona
1013 3767 1137 3830 fuerant
1159 3783 1286 3848 congre-

159 3875 236 3958 gati.
277 3875 332 3957 qui
371 3875 549 3940 rescribunt
594 3873 858 3940 calcedonensem
904 3873 1058 3956 synodum
1102 3889 1202 3953 usque
1247 3869 1287 3933 ad
1297 3879 1338 3942 12

159 3981 344 4064 sanguinem
368 4000 438 4046 esse
461 3980 696 4059 defendendam,
720 3979 877 4062 quianon
901 3981 1030 4043 alteram
1052 3961 1146 4042 iidem
1174 3977 1286 4042 statuit

195 4171 229 4225 14
246 4169 295 4234 fiat
347 4171 381 4226 28
400 4170 552 4226 sacerdotes
571 4186 640 4227 corr.
659 4186 692 4225 aa
710 4168 877 4225 sacerdotum
