2864 4620
513 221 599 291 npnt
618 219 701 278 enm
718 221 735 274 e
754 220 788 262 ε-
807 219 919 277 otvm
936 223 962 279 4.
1227 227 1292 292 605

165 435 221 500 por
243 433 321 500 quos
344 413 582 498 amplitudinem
604 417 743 480 nestram
766 413 888 480 debitae
905 415 1098 481 reuerentiae
1117 416 1291 482 salutamus

166 520 281 601 odioio,
303 520 512 604 postulantes,
528 522 571 599 *nt
591 538 647 605 pro
671 520 903 587 ecclesiastieae
931 520 1193 607 redintegratione
1220 541 1291 589 oon·

165 626 287 695 oordiao
307 628 452 692 uestrum
474 625 614 692 laborem
636 628 730 709 atque
753 644 879 709 operum
902 644 963 693 non
982 628 1114 713 negetis,
1134 632 1289 712 qnatenus

165 753 237 800 oum
259 732 396 817 repulsis
418 732 611 815 remotisque
633 732 693 810 his,
718 751 796 816 quos
819 733 1010 817 apostolieae
1029 734 1113 799 sedis
1131 733 1292 800 damnauit

128 839 347 918 sauotoritns,
384 837 424 906 ad
459 855 563 916 unam,
601 856 680 921 quoe
711 841 798 906 netto
829 842 888 919 ost,
912 840 1170 906 vcommunionem
1201 840 1291 925 plebs

165 944 647 1024 multarummultarur
669 945 799 1011 Petrum
823 945 1009 1028 apostolum,
1037 964 1092 1029 pro
1116 946 1207 1013 euius
1228 946 1291 1012 lide

163 1051 305 1129 nitimur,
327 1050 360 1116 in
383 1050 499 1116 uostris
521 1049 635 1117 habero
657 1049 788 1135 possitis
812 1051 935 1118 aotrltns
958 1051 1141 1119 adiutorem.

244 1385 411 1433 onnroonos
435 1385 522 1443 onon
536 1387 741 1434 noomnnorm
759 1353 874 1433 tntum
891 1387 1003 1434 nosnnr
1021 1387 1074 1445 our
1092 1387 1204 1435 soron,

115 1512 148 1557 ιο
209 1489 293 1565 Cum
303 1490 509 1582 doopropitio
519 1494 623 1577 partes
633 1489 806 1565 orientales
820 1490 944 1576 fueritis
955 1490 1101 1577 ingressi,
1116 1492 1144 1557 si
1159 1493 1213 1575 qni
1227 1492 1291 1577 epi·
1327 1563 1328 1568 ,

164 1596 1289 1684 to'opinobis‘ooourrerintotlibellum,ouinseontinontiamporeepistis,

164 1723 240 1771 nse
263 1703 477 1788 subscriptum
504 1704 612 1770 offerro
634 1703 802 1781 uolnerint,
830 1705 983 1788 suscipito
1010 1705 1118 1789 eisque
1144 1705 1289 1789 praebete

164 1813 291 1878 emotae
305 1811 531 1878 communionis
546 1811 748 1877 oonsortinm.
793 1811 821 1876 si
839 1830 915 1877 uero
933 1814 1132 1878 ooourrentos
1151 1813 1291 1897 episcopi
1313 1803 1333 1866 2

165 1920 298 2000 eo,’quo
322 1916 468 2006 superins
495 1916 640 1996 diximus,
668 1916 774 1982 ordine
799 1916 938 2000 profiteri
965 1917 1132 1997 noluerint,
1156 1937 1174 1984 a
1195 1917 1288 1985 nobis

120 2023 309 2115 nequidem
331 2023 399 2088 snb,
413 2022 600 2088 sacerdotali
623 2022 784 2089 affectione
802 2025 985 2103 tractentur,
1004 2023 1059 2089 sed
1077 2042 1178 2107 neque
1196 2025 1288 2094 nobis

132 2144 133 2147 ’
165 2116 209 2197 sit
239 2149 312 2195 oum
343 2129 393 2195 his
424 2146 534 2194 mensa
564 2128 739 2219 communis
770 2147 872 2212 neque
903 2128 941 2194 ab
973 2129 1024 2194 his
1054 2129 1108 2195 uel
1137 2129 1290 2197 uietualia

163 2235 372 2322 praesumatis
408 2235 551 2318 wttooipero
590 2234 652 2300 nisi
686 2236 810 2306 tantum
850 2235 1097 2315 subnectionem,
1131 2237 1158 2302 si
1194 2256 1290 2303 oense

163 2340 352 2428 poposcerit,
375 2344 407 2405 et
428 2340 687 2423 hospitalitatem,
710 2359 749 2406 ne
772 2339 898 2406 eredunt
920 2358 954 2405 so
977 2340 1102 2408 omnino
1124 2342 1288 2407 fastidiose

165 2446 340 2533 despectos.
385 2465 458 2512 oum
472 2449 578 2512 antem
591 2444 894 2531 Constantinopolim
909 2445 967 2512 deo
980 2445 1110 2512 iuuante
1127 2447 1287 2527 ueneritis,
1311 2443 1331 2505 3

120 2581 148 2623 so
163 2554 197 2626 in
210 2555 428 2632 easueeodite,
443 2572 536 2638 quam
549 2551 720 2635 imperator
729 2551 918 2637 praebuerit,
937 2552 1098 2618 mansione
1117 2555 1150 2618 et
1165 2553 1288 2619 nullum

165 2661 205 2750 ad
237 2660 459 2728 salutationem
485 2657 737 2745 uesuamgpdns
764 2656 954 2742 permittatis
982 2656 1128 2722 noeodere
1152 2659 1288 2742 exeeptis

163 2766 225 2846 his,
257 2785 336 2852 quos
366 2765 434 2850 ipse
462 2763 589 2831 miserit
612 2764 781 2849 imperator
807 2766 863 2830 aut
890 2782 969 2846 qnos
995 2765 1120 2835 nostrae
1148 2773 1288 2830 eommu-

163 2872 266 2939 nionis
302 2890 372 2938 osso
408 2869 610 2956 eognosoitis,
652 2871 750 2937 doneo
790 2869 894 2953 ipsum
931 2868 1103 2953 prinoipem
1142 2869 1287 2937 uideatis.

165 2978 218 3045 oui
238 2977 428 3063 praesentati
449 2977 623 3043 salutantes
645 2976 768 3043 littera‘s
790 2977 913 3041 nostras
935 2974 1055 3052 offerto,
1083 2979 1287 3059 suggerentes
1311 2977 1331 3040 4

124 3109 149 3152 as
165 3103 315 3170 magnum
336 3102 394 3150 nos
417 3083 455 3149 de
478 3082 546 3149 eius
567 3082 699 3170 imperio
723 3080 873 3166 gandium
901 3081 1079 3165 percepisse
1102 3082 1141 3145 et
1155 3081 1288 3148 nimium

166 3189 326 3276 gratulari,
349 3189 433 3271 quod
455 3207 528 3254 eum
550 3187 628 3254 dous
647 3186 840 3271 omnipotens
860 3187 899 3251 ed
915 3186 976 3251 hoo
992 3186 1079 3251 iuxta
1096 3186 1164 3252 eins
1182 3205 1287 3252 oneras

163 3296 288 3362 litteras
309 3332 325 3365 a
341 3331 374 3375 s,
401 3297 438 3360 nt
460 3291 633 3360 secundum
659 3310 705 3372 ea,
729 3310 808 3376 queo
830 3296 905 3357 sunt
927 3292 965 3357 ab
989 3292 1180 3376 apostolieae
1203 3292 1287 3357 sedis

200 3580 264 3640 158.
316 3579 463 3635 Iudicatur
484 3577 567 3644 dotas
591 3575 726 3636 Germano
748 3575 872 3631 rotam
893 3580 941 3633 tte.
963 3591 1024 3630 eata
1048 3592 1106 3645 epp,
1128 3578 1287 3644 tle-150,

165 3671 228 3734 162,
248 3670 313 3733 153,
331 3668 479 3722 teo-157
496 3682 524 3720 o.
544 3667 597 3720 519
613 3664 700 3720 mato
717 3663 763 3720 uel
779 3668 896 3719 exirm
908 3679 1001 3718 menet
1017 3663 1082 3718 Ilm.
1096 3663 1287 3720 tortourelin·
1348 3693 1350 3697 >

165 3757 315 3826 wittae.
385 3753 459 3810 an.
481 3753 546 3809 Gar.
563 3751 595 3807 1²
614 3756 687 3822 4825
707 3755 777 3808 Bor.
797 3751 836 3806 od
854 3769 880 3807 a.
901 3754 962 3816 619,
982 3753 1017 3819 3,·
1041 3749 1149 3806 Colleet.
1169 3751 1287 3821 Goneil.,·

164 3843 552 3912 BTA14155Tttezeee.
613 3844 826 3898 dntnmnootnr
848 3840 878 3904 V,
895 3855 965 3896 eurr.
984 3841 1011 3894 οἳ
1080 3856 1241 3895 noomrnnnr
1264 3842 1291 3896 V
1391 3884 1394 3888 Δ

168 3919 200 3990 lt
220 3936 391 3996 tractentur
417 3932 444 3987 V
537 3930 571 3986 18
594 3930 760 4002 ospitaliiate
787 3929 828 3994 V,
842 3941 911 3985 toto.
935 3945 949 3980 o
1047 3929 1081 3983 19
1103 3928 1237 3999 dispectos
1264 3931 1291 3985 V

166 4021 201 4078 tt
217 4021 354 4076 mansione
371 4021 436 4089 fort.
454 4035 510 4074 ros.
530 4035 564 4078 ea
579 4018 715 4072 mansione
734 4033 810 4088 eoo-r,
826 4016 853 4069 V
889 4017 922 4073 21
938 4016 1093 4086 permitatis
1115 4016 1143 4071 V
1184 4017 1295 4083 tdhoe

167 4105 289 4172 <euenit>
308 4109 384 4164 iuxta
394 4108 484 4178 .Bor.,·
500 4124 546 4178 epo
563 4100 769 4175 heanom'pott
786 4105 891 4175 litteras
907 4103 1034 4160 iadicem¹
1093 4105 1141 4168 2?
1152 4121 1236 4175 eaque
1257 4106 1285 4161 V
