2864 4620
223 303 287 381 644
426 299 591 353 16611616666
608 298 777 363 Η66616166;
795 299 960 352 Iustinisnus
978 298 1135 353 Hormisdac

223 495 263 558 ad
284 495 392 559 horam
413 497 578 559 tacuerunt
601 498 632 559 et
654 494 715 561 alia
737 494 786 558 116
807 495 921 558 iterum
940 494 1124 559 seditionem
1138 494 1249 576 populi
1264 514 1352 559 com·

222 602 398 678 mouerunt,
421 599 504 664 unde
527 601 579 663 uix
602 600 659 664 deo
682 599 807 666 uolente
831 600 1012 664 euasimus?

730 825 837 910 (rer.)

507 987 664 1040 brunum
684 985 853 1032 umorem
876 986 1059 1034 IUSTINIANI.

265 1126 379 1172 norruo
402 1127 535 1178 ,666666
571 1128 690 1174 numus
725 1127 906 1174 6666666666
941 1128 980 1172 66
1017 1128 1205 1175 6666666666
1242 1128 1351 1174 uerno
1385 1134 1398 1174 e

222 1233 316 1278 66616
337 1232 442 1278 susan
465 1234 638 1281 6666616666
661 1229 869 1279 6666666666.
913 1213 1246 1296 Ρ66611161161611616,
1267 1235 1352 1298 quae

224 1338 346 1403 semper
377 1321 543 1385 ecclesiam
575 1321 760 1386 catholicam
791 1339 847 1403 per
876 1321 1067 1385 incrementa
1096 1319 1169 1386 fidei
1195 1321 1351 1401 instituit,

221 1426 326 1490 unitas
356 1428 545 1491 ’6666166666
586 1427 787 1492 eeclesiarum
823 1436 880 1510 pro
917 1426 1057 1491 doctrina
1094 1430 1126 1490 61
1161 1427 1353 1492 auctoritate

180 1543 199 1603 2
224 1535 419 1616 apostolatus
433 1534 532 1598 uestri
545 1533 698 1617 prouenit.
740 1533 954 1614 sedquoniam
969 1532 1176 1614 comperimus
1194 1533 1353 1614 quosdam

222 1638 344 1702 nomine
375 1640 556 1718 monachos,
580 1633 694 1722 quibus
726 1639 826 1724 magis
859 1623 1013 1703 discordia
1044 1638 1147 1703 studio
1176 1640 1226 1703 est
1251 1658 1351 1720 quam
1372 1661 1398 1699 ιο

224 1743 335 1808 caritas
359 1747 390 1808 et
411 1765 471 1827 pax
494 1746 553 1825 dei,
578 1746 738 1827 cupientes
761 1743 912 1827 quaedam
934 1744 1113 1826 perturbare
1137 1743 1176 1808 ad
1198 1745 1352 1828 angelum

222 1851 364 1913 uestrum
395 1849 468 1916 hinc
505 1851 727 1916 descendentes
758 1850 819 1915 iter
850 1850 1033 1932 arripuisse:
1071 1868 1149 1932 quos
1182 1850 1351 1919 beatitudo

223 1956 330 2019 uestra
350 1957 567 2038 praesentibus
590 1955 716 2037 se'riptis
740 1975 866 2021 causam
887 1955 997 2020 liuoris
1021 1974 1127 2020 eorum
1155 1974 1351 2039 cognoscens

221 2059 277 2137 ita,
309 2063 347 2125 ut
376 2065 544 2139 merentur,
578 2063 735 2144 suscipere
764 2064 796 2126 et
823 2079 841 2124 6
868 2081 901 2126 66
927 2063 1019 2145 longe
1046 2063 1162 2144 pellere
1190 2060 1350 2145 dignetur,

224 2165 370 2246 quonism
387 2166 568 2248 uaniloquia
583 2168 724 2248 ipsorum
742 2166 959 2230 festinantium
977 2166 1133 2230 nouitates
1151 2165 1351 2238 introducere
1371 2189 1397 2232 6

222 2269 253 2333 16
286 2271 428 2349 66616616,
465 2272 548 2354 quod
579 2291 679 2354 neque
711 2274 859 2354 quattuor
890 2270 1000 2354 synodi
1028 2270 1222 2335 uenerabiles
1244 2290 1351 2354 neque

223 2376 324 2440 666611
354 2397 451 2460 66666
482 2378 595 2464 Leonis
627 2378 779 2461 epistolae
811 2377 968 2442 continere
1002 2380 1183 2456 noscuntur,
1205 2377 1237 2440 in
1262 2379 1352 2442 omni

179 2480 291 2548 31666
315 2482 423 2545 turbes
447 2483 579 2547 excitare
602 2483 765 2547 uidentur:
789 2501 883 2564 quam
905 2481 1001 2546 etiem
1024 2483 1062 2546 ob
1085 2501 1151 2546 rem
1174 2485 1245 2546 616
1268 2484 1351 2549 uiris

222 2586 483 2652 reuerentissimis
507 2589 662 2672 episcopis
686 2590 718 2652 et
740 2587 921 2653 diaconibus
950 2587 1074 2652 directis
1098 2588 1135 2651 ab
1164 2590 1352 2669 6666161616

223 2695 328 2756 666166
352 2728 398 2760 *s
422 2693 540 2760 61666
564 2694 694 2778 angelus
721 2696 829 2758 uester
855 2693 1009 2758 destinare
1038 2692 1183 2777 dignetur
1205 2695 1395 2777 61166666

223 2796 319 2882 digna
341 2800 529 2865 correctione
551 2800 725 2883 perculsos,
748 2802 786 2863 61
816 2799 960 2881 superius
993 2799 1112 2864 dictum
1144 2801 1203 2878 661,
1230 2800 1350 2882 pellere

222 2902 340 2969 iubeat.
368 2923 441 2989 ergo
470 2906 529 2971 hoc
551 2906 699 2989 petimus,
722 2907 767 2983 ut,
795 2905 879 2970 61661
906 2905 1146 2987 supradictum
1175 2906 1233 2984 est,
1260 2905 1351 2988 16666

223 3007 404 3075 huiusmodi
435 3012 556 3076 litteras
587 3030 643 3092 per
674 3009 807 3075 eundem
837 3011 1020 3092 portitorem
1055 3009 1095 3074 ad
1130 3028 1186 3074 nos
1215 3009 1351 3094 dirigere

223 3133 410 3198 magnopere
440 3116 621 3200 praecipiat.
654 3119 729 3181 sunt
763 3118 868 3180 autem
899 3115 1025 3181 nomina
1055 3135 1160 3181 eorum
1196 3115 1350 3198 Achilles,

261 3377 272 3428 1
292 3375 360 3429 hora
381 3375 412 3441 V,
431 3392 498 3431 corr.
517 3374 545 3429 α’

255 3480 325 3534 181.
396 3480 465 3537 Dat.
490 3481 583 3546 (6166661
605 3497 665 3536 acm
687 3497 744 3549 666.
767 3485 925 3550 216-218)
950 3499 976 3536 6.
999 3483 1051 3535 519
1068 3481 1111 3536 6116
1134 3482 1353 3551 6916616666

222 3568 378 3642 Eulogium.
439 3569 513 3623 Ε6161.
535 3569 598 3623 Gar.
616 3567 648 3622 1²
666 3571 738 3636 5243
754 3569 823 3624 Bar.
844 3571 882 3624 ad
900 3586 926 3624 a.
948 3572 1008 3633 519,
1030 3571 1081 3637 96‚·
1101 3569 1209 3624 0611661.
1230 3569 1335 3626 0661611.
1341 3592 1352 3639 ;

227 3656 307 3723 116161
324 3658 391 3710 875.
453 3657 535 3726 8per
553 3655 699 3711 doctrinam
718 3658 949 3712 etauctoritatem
966 3657 1036 3711 Bar.
1085 3657 1287 3727 966661616166
1308 3657 1350 3712 0²:

224 3744 437 3814 6166661616166
459 3746 484 3799 V
573 3745 756 3800 1661666116
777 3745 809 3810 V,
828 3763 894 3800 corr.
915 3753 936 3797 oi.
1028 3744 1128 3799 1616116
1150 3744 1182 3810 V,
1201 3761 1268 3799 corr.
1288 3748 1351 3801 6661.

223 3832 358 3902 Ampelio:
375 3833 404 3886 in
423 3834 546 3887 studioo
610 3833 643 3887 12
661 3833 828 3888 discedentes
850 3834 912 3889 Car.
977 3833 1121 3888 131iborie
1144 3832 1171 3887 V
1226 3834 1259 3888 15
1277 3850 1351 3907 6666

223 3919 331 3989 eloquia
353 3921 385 3993 V,
403 3933 471 3976 corr.
491 3940 505 3992 p
545 3922 579 3975 20
599 3919 728 3975 lacunam
744 3922 882 3976 indicauit
902 3922 987 3989 Tbicl,
1005 3921 1053 3990 qai
1071 3920 1140 3974 addi
1155 3920 1229 3975 iubet
1247 3921 1353 3992 scripta

224 4008 256 4061 de
278 4009 375 4062 iisdem
396 4010 478 4063 missa
501 4013 570 4064 6661.
595 4026 662 4080 quae
685 4012 775 4063 eutem
796 4011 962 4080 rescripserit
987 4009 1126 4071 beatitudo
1154 4011 1253 4074 uestra,
1279 4009 1353 4065 baec

222 4113 270 4165 per
292 4097 415 4150 eumdem
435 4088 605 4168 portitoremr
623 4098 769 4151 sedetiam
785 4113 882 4152 nemea
898 4097 1044 4166 portitoris
1060 4097 1174 4166 11616616·
1196 4098 1302 4166 aperitis
1319 4101 1353 4153 in

223 4184 302 4237 rebus
320 4186 448 4239 6661611666
459 4186 619 4254 putandum
637 4191 681 4240 661.
701 4187 735 4252 cf.
753 4185 924 4254 1161161666.
944 4188 984 4239 24
1003 4185 1068 4239 adn.
1087 4188 1107 4237 2
