2864 4620
467 284 552 354 Epist.
573 284 767 340 CCXXXXIIII
783 288 896 341 45-53.
1178 291 1239 354 757

123 482 156 542 et
182 479 254 541 hinc
282 498 300 542 a
328 478 441 546 dextris
469 498 565 543 unum
593 481 721 543 anulum
750 483 781 544 et
808 499 825 543 a
853 480 988 545 sinistris
1017 482 1158 559 alterum,
1185 503 1241 564 per

123 586 286 665 utramque
322 585 444 648 humeri
478 589 597 665 partem
632 586 852 667 prominentes
885 588 993 652 anulos
1026 588 1064 651 ad
1095 587 1240 672 iugulum

122 682 278 772 pontificis
309 690 483 766 innuentes,
517 692 571 772 qui
601 711 709 756 rursus
742 711 776 754 er
808 695 939 774 utraque
966 692 1126 758 rationalis
1152 699 1239 777 parte

123 796 343 878 spectabantur
364 797 508 880 appositi,
532 797 575 860 ita
598 806 634 860 nt
654 797 782 880 perinde
806 801 1038 864 conecterentur
1060 803 1091 864 et
1118 805 1239 884 coapta·

91 906 229 965 ereutur
258 902 290 965 in
318 894 401 980 sese,
433 922 488 985 per
520 903 598 967 dnos
627 903 749 969 scilicet
776 905 885 967 anulos
913 905 1072 970 rationalis
1101 909 1133 970 et
1160 908 1238 973 dnos

121 1011 230 1073 anulos
264 1008 533 1091 superhumeralis,
565 1009 620 1072 nbi
651 1012 738 1073 erant
770 1010 928 1073 catenulae
961 1030 1069 1075 aureae
1106 1012 1239 1095 desuper

121 1115 329 1178 imminentes.
411 1114 471 1178 hoc
510 1116 614 1178 autem
654 1114 813 1191 rationale,
856 1113 950 1178 sicuti
990 1116 1063 1195 diri,
1104 1117 1288 1187 habebatdll

121 1220 283 1284 duodecim
310 1220 429 1301 lapides
458 1220 519 1286 sibi
549 1223 752 1303 congruenter
773 1221 905 1285 insertos
929 1225 1023 1303 atque
1047 1224 1236 1306 compositos

120 1328 266 1408 quadrato
299 1325 414 1402 ordine,
443 1326 497 1408 qui
523 1326 570 1391 sic
596 1327 753 1389 interterti
780 1327 959 1409 probantur,
988 1331 1025 1392 ut
1052 1331 1101 1392 est
1128 1330 1237 1394 subter

75 1453 101 1490 ιο
119 1451 280 1496 annerum.
303 1433 421 1514 primus
446 1433 519 1496 ordo
543 1434 636 1513 atque
659 1432 838 1513 superiora
860 1433 949 1498 laeua
971 1438 1057 1514 parte
1079 1437 1235 1516 pontificis

117 1557 229 1603 uersus
257 1537 295 1602 ad
324 1538 460 1601 dextram
488 1538 545 1602 hos
573 1538 691 1619 lapides
719 1538 854 1602 habebat
881 1541 1057 1622 appositos:
1086 1541 1234 1621 sardium,

116 1644 270 1726 topazion,
291 1645 500 1728 smaragdum.
521 1647 642 1726 oportet
660 1644 742 1708 enim
761 1647 792 1708 et
810 1645 868 1709 hoc
883 1645 1064 1729 diligentius
1079 1651 1233 1728 annotare,
1245 1656 1286 1718 50

116 1749 198 1814 unde
226 1750 347 1814 scilicet
372 1750 541 1831 incipiebat
567 1749 753 1832 compositio
782 1753 813 1814 et
840 1751 895 1815 ubi
921 1752 1034 1817 iterum
1062 1753 1233 1827 desinebat,

115 1855 340 1939 sciendumque
364 1856 447 1939 quod
469 1856 555 1920 iuxta
577 1855 799 1920 Hebraiearum
822 1857 975 1921 elementa
997 1861 1170 1923 litterarum
1190 1859 1235 1922 ita

68 1980 94 2017 1⁵
115 1962 359 2043 compositiones
374 1963 453 2026 istae
471 1962 601 2026 fiebant:
621 1962 761 2026 scribunt
779 1963 895 2045 quippe,
911 1965 1044 2029 Hebraei
1063 1986 1081 2029 a
1099 1965 1233 2030 sinistris

113 2066 153 2129 ad
186 2067 323 2131 dextram
355 2068 525 2133 cuiuslibet
555 2068 600 2132 rei
632 2069 808 2132 subiectum
845 2069 983 2133 ordinem
1016 2071 1232 2153 perducentes,

110 2173 176 2257 ipsi
212 2193 286 2238 uero
322 2188 448 2239 manum
485 2174 728 2256 subsequentem
763 2174 876 2239 litteris
915 2195 932 2239 a
968 2176 1082 2240 dextris
1120 2178 1231 2242 habere

110 2279 259 2343 uidentur
294 2280 332 2344 ed
366 2279 499 2345 laeuam.
539 2283 627 2343 erant
658 2298 729 2363 ergo
762 2299 855 2362 super
884 2282 1039 2363 pontificis
1071 2287 1181 2365 pectus
1214 2305 1232 2351 a
1328 2267 1330 2270 ’

111 2385 248 2450 sinistris
272 2386 340 2450 eius
359 2385 481 2451 ordines
501 2385 539 2449 ad
558 2386 714 2450 dexteram
731 2387 945 2467 perducentes,
1006 2389 1126 2469 primus
1146 2389 1280 2469 ordo,51

58 2491 197 2556 sesicut
222 2491 283 2556 iarn
314 2491 386 2568 diri,
415 2492 535 2565 sardius
558 2492 700 2573 topazius
724 2493 923 2576 smaragdum
947 2494 1102 2558 secundus
1127 2497 1231 2559 autem

111 2597 320 2661 carbunculus
352 2598 519 2680 sapphirus
550 2597 663 2678 iaspis3
695 2598 808 2662 tertius
835 2599 968 2682 ligurius
996 2601 1121 2665 achates
1150 2620 1230 2664 ame-

109 2703 254 2785 thystum
297 2706 437 2784 quartus,
480 2704 533 2786 qni
574 2707 605 2767 et
649 2705 792 2782 ultimus,
837 2705 1047 2789 chrysolithus
1092 2706 1229 2789 beryllus

109 2808 291 2891 onychinus.
358 2829 467 2876 rursus
503 2811 680 2875 innenimus
717 2810 844 2876 eosdem
878 2811 998 2893 lapides
1035 2811 1067 2875 in
1108 2812 1229 2876 duabus
1240 2815 1280 2876 52

109 2915 373 2995 superhumeralis
392 2917 534 2997 partibus
547 2917 679 2998 positos,
693 2917 725 2981 in
740 2917 853 2999 quibus
868 2916 928 2982 duo
943 2917 1063 2999 lapides
1078 2918 1229 2982 catenulis

55 3038 87 3078 ss
109 3019 212 3083 aureis
244 3020 433 3086 uidebantur
464 3023 573 3087 inserti
599 3023 685 3087 iuxta
712 3028 879 3105 utrumque
906 3025 990 3088 latus
1019 3024 1227 3101 humerorum,

107 3125 171 3188 iam
193 3143 252 3189 non
278 3147 312 3190 er
335 3128 470 3193 diuersis
492 3129 650 3209 lapidibus
674 3130 728 3194 sed
752 3149 786 3197 er
810 3131 973 3214 smaragdo
1001 3132 1228 3207 tantummodo,

107 3235 256 3313 erantque
279 3252 387 3298 rursus
411 3235 537 3298 nomina
559 3235 695 3300 filiorum
717 3235 813 3300 lsrael
837 3236 1008 3300 secundum
1029 3242 1226 3319 praeceptum

108 3336 225 3401 domini
253 3338 369 3422 scripta
396 3345 490 3422 atque
518 3341 638 3424 scalpta
664 3341 696 3404 in
725 3342 847 3407 duobus
875 3342 945 3407 istis
974 3341 1140 3424 lapidibus.
1168 3363 1227 3408 non
1238 3347 1279 3409 53

105 3445 209 3507 tamen
248 3445 407 3510 euidenter
444 3447 628 3525 ostenditur,
665 3449 747 3529 quod
779 3467 890 3511 nomen
921 3448 953 3524 in
984 3452 1070 3530 parte
1105 3449 1228 3513 dextera

51 3571 83 3614 so
104 3549 222 3629 prasini
255 3551 354 3634 lapidi
391 3552 519 3616 inscribi
551 3554 663 3618 debeat
693 3554 745 3619 uel
782 3556 863 3637 quod
899 3555 930 3620 iu
968 3557 1095 3621 sinistra
1129 3560 1225 3638 parte,

106 3654 189 3718 sieut
224 3655 292 3737 ipse
330 3657 477 3734 decreuit,
515 3657 660 3722 similiter
696 3659 845 3736 annotari,
879 3660 939 3724 nisi
976 3661 1060 3743 quod
1098 3679 1226 3741 prorsus

192 3795 296 3848 aa-as
316 3795 347 3853 cf.
366 3795 447 3849 uxor.
466 3795 508 3860 aa,
527 3798 615 3851 9-14
633 3797 685 3863 (aa,
705 3799 782 3866 s-r)

140 3900 155 3952 3
175 3902 315 3954 innuentes
338 3900 372 3954 V:
391 3903 558 3955 innectentes
577 3902 657 3972 Fopp.
733 3904 858 3957 rationali
881 3904 912 3968 V,
932 3904 1034 3959 correxi
1123 3905 1154 3958 13
1175 3906 1225 3958 ite-

103 4004 161 4040 rum
184 3988 219 4040 V:
238 3989 303 4042 item
321 3988 401 4059 Fopp.
475 3991 508 4044 14
528 3991 600 4044 <est>
622 3991 693 4059 qued
710 3991 792 4061 Fopp.
857 3992 977 4046 littorum
1000 3992 1026 4046 V
1043 3994 1109 4046 -15
1129 3994 1180 4045 iste
1204 3992 1229 4044 V

103 4077 133 4129 21
156 4076 282 4130 achathes
305 4077 332 4129 V
433 4078 468 4131 22
487 4079 639 4132 chrisolitus
663 4079 687 4131 V
773 4081 806 4133 23
826 4081 964 4133 onichinus
987 4081 1014 4133 V
1029 4086 1053 4134 et
1071 4082 1109 4134 sc'c
1127 4096 1227 4148 semper

102 4163 136 4217 30
154 4164 252 4232 lapidis
269 4166 353 4234 Fopp.
1199 4174 1201 4178 ’
