2864 4620
574 303 601 356 11
621 303 735 367 11-14;
754 302 796 356 ur
815 303 892 355 1-2.
1229 305 1292 368 795

167 497 239 561 sede
263 497 411 577 damnari,
435 499 508 580 post
529 499 579 561 tot
601 496 817 562 damnationes
840 497 1005 580 Tyriorum
1028 495 1118 560 misit
1141 497 1291 562 ecclesiae

165 604 349 684 praesidere.

208 708 289 775 Nam
334 711 418 793 quod
464 709 541 774 dicit
576 709 709 774 Aeacius
747 708 877 772 Petrum
918 709 1008 773 illum
1050 710 1291 774 Alexandrinum
1304 707 1344 770 14

167 818 271 883 oblata
314 816 466 898 petitione
511 814 737 898 Eutychianam
779 815 940 878 haeresem
981 815 1034 879 uel
1074 815 1292 880 Nestorianam

115 937 149 980 ὃ
166 925 338 1000 damnasse,
362 923 421 987 hoc
445 921 606 986 euidenter
627 920 777 1004 probatur
795 928 865 984 esse
882 921 1101 987 falsissimum.
1124 941 1195 986 nam
1215 942 1293 1005 quae

166 1047 261 1093 causa
287 1029 373 1107 fecit,
401 1028 497 1092 utin
525 1028 708 1109 episcopatu
738 1045 795 1091 suo
824 1026 942 1110 synodo
972 1026 1218 1092 calchedonensi
1241 1029 1294 1092 uel

165 1137 250 1200 tomo
275 1137 400 1199 sanctae
422 1133 592 1198 memoriae
615 1151 713 1215 papae
736 1133 849 1196 Leonis
874 1132 991 1197 diceret
1010 1135 1195 1198 anathema?
1216 1153 1292 1216 quae

166 1258 259 1304 causa
281 1240 366 1317 feeit,
389 1242 426 1304 ut
449 1239 575 1303 sublato
598 1239 724 1303 nomine
746 1238 881 1302 Proterii
900 1239 953 1303 uel
971 1239 1128 1306 Timothei
1146 1234 1293 1304 catholici

164 1345 308 1412 Dioscuri
330 1348 362 1410 et
385 1345 543 1410 Timothei
565 1345 714 1410 haeretici
738 1363 850 1409 nomen
870 1344 1082 1410 adscriberet?
1101 1364 1180 1427 quae
1199 1364 1293 1410 eausa

113 1469 149 1510 ro
164 1451 248 1527 fecit,
273 1452 301 1515 si
324 1451 498 1516 catholicus
522 1454 599 1529 erat,
622 1454 661 1516 ut
678 1450 835 1517 Timothei
855 1451 1004 1515 catholici
1022 1451 1161 1534 episcopi
1180 1469 1292 1533 corpus

165 1555 263 1619 desub
292 1560 374 1620 terra
400 1557 531 1634 leuaret,
560 1556 615 1639 qui
642 1556 725 1620 inter
752 1556 918 1638 episcopos
946 1555 1117 1620 catholicos
1149 1555 1292 1637 sepultus

163 1661 275 1737 fuerat,
302 1666 335 1726 et
360 1662 516 1745 proiceret
542 1662 650 1728 foras?
673 1662 742 1744 ipse
765 1680 827 1725 non
851 1665 901 1726 est
921 1661 1046 1739 Petrus,
1071 1660 1125 1743 qui
1148 1661 1292 1727 damnato

164 1768 327 1832 Timotheo
351 1768 507 1834 haeretico
531 1786 654 1850 semper
673 1768 839 1835 adhaesit?
858 1767 1012 1850 quomodo
1031 1770 1141 1849 postea
1158 1767 1292 1832 Aeacius

163 1875 249 1939 miris
274 1894 346 1938 eum
369 1873 517 1940 laudibus
540 1873 750 1957 prosequitur,
775 1873 812 1937 de
836 1893 897 1955 quo
916 1875 1004 1938 tanta
1022 1891 1056 1967 se
1075 1871 1204 1937 crimina
1221 1874 1292 1937 ante

114 1995 147 2046 xe
162 1981 346 2044 meminerat
367 1981 539 2045 retulisse?
702 2068 749 2132 ΠΙ

160 2193 294 2239 ABIATIO
335 2194 374 2238 EX
415 2192 521 2239 assela
563 2193 672 2250 QUIBUS
706 2192 864 2239 sconowa
903 2188 1291 2239 cousrausluorotmnnus

161 2300 328 2346 anscerus
350 2300 553 2346 recusemus
573 2300 744 2346 flammeus
768 2301 807 2344 ET
830 2301 854 2345 A
875 2299 962 2344 PAPA
984 2299 1094 2346 bullon
1113 2297 1290 2344 usmarus.

204 2405 241 2468 In
275 2419 369 2469 causa
399 2404 474 2470 fidei
507 2397 695 2483 Christiane,
729 2404 781 2468 cui
813 2404 851 2468 ab
885 2403 1009 2469 exordio
1042 2403 1092 2468 sui
1119 2421 1291 2485 numquam

115 2538 144 2578 20
162 2509 301 2574 defuisse
319 2510 490 2593 probantur
506 2509 636 2589 inimici,
655 2513 763 2575 nostro
782 2509 836 2592 qui
855 2509 962 2575 seculo
981 2508 1038 2573 sed
1055 2528 1110 2590 par
1126 2508 1293 2573 interualla

161 2617 313 2699 temporis
341 2616 508 2682 Nestorius
532 2621 564 2681 et
585 2616 738 2682 Euthices
761 2634 822 2680 non
846 2633 928 2679 noua
952 2614 1101 2699 dogmata
1123 2612 1291 2682 suadentes

162 2722 218 2787 sed
244 2723 370 2789 nomina
391 2723 585 2807 prodierunt.
608 2742 681 2787 nam
703 2722 870 2787 Nestorius
894 2723 968 2804 post
991 2722 1117 2786 centum
1141 2719 1290 2801 quinqua·
1323 2731 1342 2793 2

162 2829 251 2913 ginta
277 2834 310 2893 et
337 2833 408 2895 octo
435 2830 499 2896 fere
523 2848 621 2895 annos
644 2818 759 2895 robni'
773 2831 805 2893 et
827 2828 919 2892 Pauli
943 2825 1139 2892 samosateni
1163 2827 1291 2890 secutus

199 2951 212 3003 l
233 2950 411 3004 damnationis
431 2950 462 3023 βδ
515 2953 532 3005 2
550 2951 708 3022 praesedere
726 2947 771 3017 oq²
788 2954 813 3002 et
832 2955 981 3003 abiecere.
1000 2947 1029 3016 q¹
1073 2948 1160 3002 3-15
1172 2944 1192 3018 ἕ
1206 2949 1242 2998 14
1253 2945 1292 2999 ad

160 3040 249 3107 ipsam
271 3039 403 3107 epitomen
423 3055 480 3093 aon
498 3039 617 3108 pertinet
637 3038 686 3093 aed
707 3039 781 3092 aliua
798 3037 912 3106 cupieris
929 3042 980 3091 est:
1003 3052 1036 3090 en
1053 3040 1180 3089 tractatu
1197 3033 1291 3101 aitqua

164 3127 271 3181 Gelas&
286 3127 354 3182 baec
370 3128 456 3181 uerba
474 3128 615 3196 desumpta
634 3143 688 3181 ease
705 3127 775 3180 satta
788 3126 970 3193 probabiliter
990 3123 1148 3192 meatur
1169 3121 1292 3176 Tbs'ele'us

161 3215 441 3286 dentycianamlle.
461 3216 653 3270 euticianamo
697 3215 842 3269 heresimu
879 3212 1043 3283 5probator
1060 3227 1110 3267 em.
1130 3209 1165 3262 ω’
1217 3211 1290 3276 laq.

161 3320 276 3373 namque
295 3307 323 3359 et
340 3320 420 3357 causa
438 3326 459 3357 ω
513 3304 672 3375 aepiscopo
691 3300 761 3356 ωῑωι
845 3300 1052 3355 calchedonensa
1071 3299 1093 3366 d,
1113 3296 1292 3354 calcidonensi

161 3391 283 3460 oq²n¹o³,
304 3387 503 3448 chalcidonensi
521 3391 556 3444 ω2
609 3394 624 3446 'l
643 3392 736 3459 thomp
751 3391 799 3461 ορ,
818 3393 877 3444 toto
893 3387 935 3453 ω’,
954 3388 1051 3443 domno
1070 3385 1106 3440 ω1
1158 3386 1175 3440 8
1192 3401 1290 3452 nomen

162 3479 285 3551 oq²o¹n²,
294 3481 403 3536 nomine
416 3497 449 3535 ee
460 3497 556 3536 noman
571 3479 600 3550 p¹
616 3498 691 3535 maa.
708 3482 760 3535 Tel
774 3478 808 3530 ol
825 3481 926 3534 mam
978 3476 1077 3547 proteri
1088 3474 1132 3544 oq¹
1149 3491 1223 3529 mun.
1234 3477 1250 3526 1
1262 3476 1291 3540 αἱ

163 3573 179 3625 9
197 3572 306 3626 nomina
322 3571 451 3625 scriberet
469 3570 595 3636 (scribere
613 3569 658 3635 ω’)
678 3589 699 3621 a
797 3565 942 3633 ascriberet
964 3586 978 3618 o
1056 3565 1089 3618 12
1106 3563 1224 3634 proicere
1247 3562 1292 3628 oq¹

162 3676 236 3715 maa.
254 3663 270 3712 1
286 3661 315 3728 pl
397 3659 430 3713 14
449 3675 500 3727 quo
518 3674 547 3711 se
566 3660 644 3727 (quos
663 3660 692 3711 et
710 3656 753 3723 o³p
772 3659 851 3710 tanta
868 3661 934 3723 trop.
953 3668 975 3704 ee
1052 3653 1085 3707 15
1103 3651 1256 3706 miminerat
1274 3647 1290 3716 β

162 3749 296 3802 retullisse
315 3767 338 3810 o,
356 3745 571 3818 relllltullslisse.
590 3745 690 3799 contuli
709 3744 738 3813 q¹
771 3787 772 3791 η

197 3836 247 3890 ΙΙΙ,
320 3834 400 3889 Haec
430 3832 542 3904 epa'tbme
568 3838 704 3888 tractatus
734 3834 778 3894 99,
807 3847 888 3899 wem
915 3830 947 3883 ia
973 3827 1074 3882 ederedo
1106 3841 1136 3881 eo
1162 3825 1207 3879 bic
1231 3825 1290 3879 illic

162 3924 315 3978 adheleidam
341 3923 497 3992 sipnificm'
531 3921 624 3977 littera
655 3921 698 3988 W,
724 3919 829 3974 tradita
861 3924 899 3973 est
925 3919 956 3972 ia
986 3917 1077 3972 codiee
1106 3913 1290 3970 Ualle‘cellano

162 4015 194 4066 X
199 4012 278 4067 VIII
294 4012 400 4066 saeculi
421 4011 517 4066 decim
544 4012 610 4064 inde
631 4027 651 4063 a
671 4011 721 4079 fol.
745 4011 837 4063 2ddo.
862 4007 920 4076 epae
943 4023 1003 4060 eam
1028 4001 1158 4072 descripsi
1181 4017 1291 4069 eramque

163 4101 287 4155 omnibus
303 4101 381 4155 albis
403 4116 485 4168 wem
508 4100 711 4154 acmeratusime
732 4098 777 4152 bie
794 4097 887 4162 reddo,
902 4101 1049 4165 postquam
1066 4092 1165 4146 menam
1183 4095 1290 4159 wenta

162 4205 223 4242 eam
239 4188 404 4257 aeplepente'a
421 4189 549 4257 capreasit
570 4188 649 4241 Tba'el
662 4204 692 4256 p.
714 4189 780 4240 520.
