2864 4620
433 278 517 348 Epist.
537 275 635 333 CXVII
652 277 668 330 8
686 309 720 317 —
739 277 849 334 CXVIII
868 279 907 333 7.,
1158 280 1222 345 525

104 473 186 537 euim
213 473 400 537 remunerari
428 472 518 536 aliter
543 474 701 536 tantorum
728 472 949 536 beneficiorum
975 475 1099 554 poteras
1131 473 1223 556 largi·

103 584 212 656 torem,
241 578 301 642 nisi
329 578 478 642 aduersus
506 577 649 641 inimicos
677 577 744 640 eius
774 577 948 641 euidentem
976 579 1077 641 zelum
1101 582 1223 659 aposto·

103 686 181 748 licae
217 683 422 748 confessionis
459 683 647 747 ostenderes.
684 684 791 746 notum
833 679 882 747 est
922 683 1004 760 enim
1045 692 1098 748 eos
1139 682 1266 748 extra5

102 791 250 874 religiosa
272 794 361 869 septa
383 793 562 867 consistere,
587 790 640 870 qui
662 793 694 853 et
715 791 777 872 ipsi
799 789 982 870 profitentur
1004 774 1240 856 conscientiam>

73 899 186 973 aridei,
218 897 363 961 fiduciam
391 932 432 962 s*
462 903 555 978 atque
586 896 656 960 ideo
689 900 720 960 et
750 897 943 961 infructuosa
977 902 1025 961 est
1056 896 1138 980 apud
1170 915 1223 961 eos

105 1004 245 1085 quamuis
274 1022 345 1067 cum
372 1002 528 1087 religiosis
557 1021 693 1086 congrua
715 1005 839 1067 sanetae
863 1002 1089 1068 communionis
1112 1021 1224 1084 aequa·

103 1112 188 1188 litas,
216 1111 289 1192 quia
315 1111 423 1191 procul
450 1108 545 1172 dubio
574 1108 627 1190 qui
655 1127 700 1186 ea,
718 1128 820 1191 ¹quam
848 1108 970 1187 meruit,
996 1107 1141 1178 libertate
1163 1126 1223 1172 non

104 1216 212 1293 utitur,
242 1215 418 1281 subiectum
447 1234 480 1279 se
507 1214 724 1295 iniquitatibus
752 1214 926 1280 confitetur.
953 1212 1028 1296 quid
1055 1214 1225 1298 gloriemur

103 1322 163 1398 his,
187 1340 263 1402 quas
287 1341 346 1385 nou
371 1321 540 1402 sequimur,
561 1320 758 1403 disciplinis?
775 1321 855 1385 falso
874 1320 1011 1403 appellat
1028 1320 1222 1404 magistrum,

60 1452 85 1491 ro
105 1427 157 1509 qui
181 1446 214 1490 se
236 1426 489 1491 iust‘tutionibus
514 1427 580 1490 eius
604 1446 664 1491 non
687 1428 798 1509 probat
820 1446 889 1491 esse
912 1426 1111 1509 discipulum.
1169 1425 1223 1490 sed
1247 1431 1266 1492 6

104 1534 177 1614 quia
208 1533 297 1597 nobis
328 1552 411 1597 nunc
444 1533 548 1596 omnia
579 1533 610 1596 iu
643 1533 837 1597 confessione
870 1532 984 1596 similia
1012 1536 1044 1595 et
1069 1532 1223 1596 libertatis

102 1638 243 1720 propriae
273 1639 489 1721 resumpsistis
527 1639 682 1716 affectum,
718 1643 863 1720 paternae
898 1657 1006 1703 rursus
1042 1637 1223 1702 hereditatis

104 1734 264 1825 cupientes
306 1763 373 1808 esse
414 1747 573 1811 consortes
615 1744 838 1827 amplectimini
878 1745 1009 1828 gratiam
1049 1743 1223 1809 traditionis

104 1849 248 1930 antiquae
264 1852 295 1913 et
307 1849 338 1913 in
352 1849 440 1913 illius
455 1849 632 1935 inconuulsi
648 1849 840 1914 fundamenti
860 1850 1029 1915 stabilitate
1048 1850 1223 1932 persistere,

60 1975 163 2020 1511011
200 1976 271 2022 cum
306 1957 499 2039 temporibus
545 1957 637 2021 corda
681 1960 838 2020 mutantes
884 1955 1101 2042 (inconstantis
1143 1957 1223 2019 enim

105 2063 298 2127 mutabilitas
320 2064 383 2128 ista
406 2065 486 2127 solet
509 2083 578 2128 esse
600 2064 753 2147 propositi
776 2067 871 2144 atque
893 2063 962 2127 ideo
985 2063 1063 2127 bene
1085 2063 1226 2127 fundatis

105 2164 226 2250 oportet
255 2169 422 2246 inhaerere,
456 2169 577 2250 qnando
610 2169 790 2234 huiusmodi
823 2170 928 2234 studia
964 2168 1129 2234 clementia
1165 2168 1226 2232 scit

103 2275 208 2338 fouere
245 2274 373 2358 diuina),
409 2279 445 2338 ut
481 2275 553 2339 fidei
583 2281 707 2340 uestrae
739 2276 868 2340 firmitas
901 2273 990 2340 uobis
1024 2274 1060 2339 de
1092 2275 1225 2338 aliorum

105 2380 206 2444 salute
241 2380 408 2446 fructificet
443 2383 474 2445 et
509 2382 630 2445 feruore
666 2382 764 2445 uestri
800 2381 896 2445 studii
933 2381 1065 2445 aliorum
1102 2397 1224 2462 quoque

59 2510 87 2548 20
106 2486 225 2549 animus
258 2486 296 2549 ad
327 2487 573 2568 resumptionem
605 2486 756 2551 bonorum
788 2507 915 2551 suorum
951 2487 1053 2569 possit
1088 2484 1224 2560 accendi,

107 2595 257 2673 quatenus
287 2593 382 2656 etde
409 2594 499 2658 uobis
528 2612 650 2675 quoque
678 2596 804 2657 sanctus
832 2592 993 2673 apostolus
1021 2592 1135 2655 dixisse
1163 2609 1226 2654 cre·

107 2697 213 2760 datur:
248 2699 451 2763 aemulatio
484 2701 612 2763 uestra
642 2699 865 2780 prouocauit
891 2698 1083 2779 plurimos.
1151 2701 1270 2780 ergo?
1349 2742 1352 2748 -

105 2802 243 2866 Nestorii
267 2807 299 2867 et
320 2805 504 2888 Eutycbetis
527 2804 741 2886 impietatibus
764 2804 850 2868 iuxta
873 2801 1033 2885 synodalia
1056 2802 1227 2867 constituta

107 2906 260 2971 damnatis
288 2912 458 2974 sectatores
487 2929 610 2992 quoqne
638 2929 743 2974 eorum
771 2903 915 2973 similiter
937 2913 1130 2972 exsecrantes
1154 2925 1225 2972 eum

58 3034 89 3076 '25
108 3013 294 3077 exsultatione
324 3014 481 3078 dicamus:
511 3016 617 3079 ‘exite
646 3015 688 3079 de
716 3014 834 3079 medio
869 3017 905 3078 et
936 3013 1159 3097 separamini
1191 3016 1227 3077 et

107 3119 320 3183 inmundum
342 3139 385 3184 ne
408 3120 627 3204 tetigeritis’
653 3121 745 3185 dicit
764 3120 942 3185 dominus.
963 3119 1224 3201 quemadmodum

108 3224 189 3287 enirn
204 3225 273 3306 quis
288 3227 440 3290 malarum
454 3223 668 3291 inuentionum
683 3228 775 3299 de<te
783 3226 935 3314 >stabitur
948 3225 1114 3308 principes,
1126 3224 1154 3289 si
1166 3243 1228 3288 non

194 3512 228 3571 22
248 3509 306 3566 Cor.
325 3511 396 3576 119,
416 3514 433 3566 2
487 3514 520 3568 25
539 3510 597 3576 Cor,
615 3512 643 3572 H
661 3514 685 3575 6,
704 3514 737 3565 'll

142 3693 160 3746 4
177 3693 317 3764 religiosas
340 3694 370 3758 V,
390 3710 456 3748 corr.
475 3691 503 3748 οἳ
572 3697 588 3750 5
605 3694 669 3748 fidei
687 3693 809 3747 fiduciam
830 3697 910 3762 atque
928 3693 988 3746 ideo
1011 3693 1047 3746 V.-
1065 3692 1128 3747 fidei
1146 3695 1229 3762 atque

107 3782 230 3836 fiduciam
253 3783 299 3837 sed
321 3783 399 3848 Bur„
422 3782 485 3836 fidei
506 3800 559 3836 nou
581 3781 704 3840 fiduciam
727 3787 807 3851 etque
834 3782 895 3836 ideo
918 3781 1021 3847 Gouot.‚·
1040 3797 1085 3851 epo
1102 3781 1228 3834 indicaui

108 3873 248 3936 lacunaria,
284 3889 364 3941 quam
398 3872 438 3927 sic
472 3874 528 3941 fere
563 3873 671 3942 expleas
705 3873 785 3925 uelim
821 3872 865 3940 qui
903 3875 930 3924 et
968 3913 973 3925 .
1002 3911 1009 3926 .
1040 3869 1227 3925 conscientiam

107 3959 178 4022 fidei.
202 3959 324 4015 fiduciam
337 3961 442 4015 <tamen
461 3961 618 4016 ostendendi
640 3977 693 4014 non
715 3960 837 4014 habent).
857 3963 936 4028 atque
954 3958 1014 4012 ideo
1115 3959 1228 4011 instruc·

108 4054 187 4106 tuosa
208 4048 239 4115 V,
262 4061 328 4104 cerr.
348 4048 375 4101 ο2
420 4050 453 4119 14
471 4049 606 4120 persistite
625 4047 652 4119 9²
697 4050 728 4102 16
748 4049 817 4101 solet
836 4037 943 4100 esse'ea
962 4045 1017 4099 sole
1036 4046 1101 4100 &sse
1120 4061 1187 4099 corr.
1205 4045 1234 4098 V

109 4157 142 4218 17
156 4129 246 4218 sitis
296 4166 330 4220 25
349 4165 459 4221 exiteo:
479 4181 509 4218 ex
525 4167 554 4218 te
577 4164 603 4214 V
652 4164 686 4217 27
707 4162 857 4218 destabitur
879 4163 909 4227 V,
929 4178 995 4216 corr.
1016 4179 1032 4212 α
1106 4217 1108 4222 ,
