2864 4620
212 241 275 306 566
408 236 639 291 Archimandritae
659 240 709 291 etc.
728 237 819 306 Syriae
838 236 970 290 secundae
988 237 1145 291 Hormisdae

211 434 351 496 uestram
377 430 604 496 beatitudinem
631 432 773 514 refugere
800 432 890 496 uelut
912 431 950 496 de
972 432 1074 496 hieme
1098 435 1130 496 et
1152 434 1349 516 tempestate

212 538 250 602 ad
276 540 402 620 portum
425 538 664 621 tranquillitatis
687 557 723 602 ao
745 539 856 603 moniti
878 538 1007 603 minime
1030 538 1349 607 circumuallantibus

210 663 267 708 nos
291 645 523 709 calamitatibus
541 645 641 709 teneri
659 644 722 709 iam
741 645 907 710 oredimus.
927 664 999 709 nam
1019 646 1079 710 etsi
1097 645 1244 727 patimur,
1265 664 1346 728 gau-

211 750 319 816 dentes
335 751 526 816 sustinemus
541 737 687 828 soientes,
703 751 777 833 quia
794 771 864 815 non
884 754 971 816 sunt
989 750 1125 834 dignae
1142 751 1346 833 passiones

211 856 323 930 huius
346 856 526 938 temporis
549 855 593 919 ad
616 855 783 920 futuram
801 856 970 939 gloriam,
990 875 1084 939 quae
1106 855 1346 922 reuelabitur
1377 867 1391 908 ⁵

167 968 186 1029 3
210 963 246 1025 in
264 961 383 1027 nobis.
403 962 549 1043 quoniam
567 981 641 1026 uero
662 960 807 1028 Christus
827 960 904 1025 deus
924 964 1030 1026 noster
1046 959 1219 1044 principem
1237 965 1345 1043 pasto·

210 1088 281 1131 rum
300 1071 331 1131 et
350 1067 507 1132 doctorem
533 1071 564 1132 et
586 1067 743 1132 medicum
767 1067 939 1132 animamm
963 1065 1137 1142 constituit,
1160 1085 1216 1132 nos
1234 1072 1344 1132 uestro

211 1176 317 1239 sancto
333 1174 443 1258 angelo
462 1173 591 1257 dignum
610 1177 659 1239 est
676 1174 849 1258 passiones,
865 1192 943 1255 quae
962 1172 1051 1237 nobis
1070 1173 1278 1256 contigerunt,
1295 1192 1352 1237 en·

209 1280 689 1364 ponereet<im>misericordes
700 1280 863 1345 ostendere
872 1280 975 1363 lupos,
987 1277 1041 1361 qui
1052 1279 1343 1363 dissipantgregem

212 1387 339 1465 Christi,
362 1391 399 1452 ut
431 1387 627 1452 auctoritatis
659 1386 772 1451 baculo
796 1405 849 1450 eos
873 1386 1007 1469 expellat
1030 1385 1068 1449 de
1091 1384 1192 1450 medio
1222 1385 1387 1464 ouium,10

210 1494 306 1558 uerbo
327 1496 432 1558 autem
451 1494 608 1558 doctrinae
627 1493 763 1557 animam
782 1495 871 1556 sanet
887 1493 919 1555 et
937 1491 1085 1556 orationis
1104 1490 1343 1556 medicamentis

168 1603 189 1666 4
210 1601 346 1685 mitiget.
406 1599 460 1682 qui
483 1602 588 1664 autem
613 1599 676 1663 sint
697 1598 752 1662 isti
776 1600 808 1662 et
830 1597 883 1681 qui
906 1597 965 1661 hos
984 1598 1151 1662 aduersum
1168 1614 1225 1660 nos
1245 1615 1344 1661 mma·

210 1705 302 1784 uerit,
325 1705 460 1770 audistis
484 1704 603 1787 utique,
626 1702 820 1768 beatissimi:
850 1701 986 1767 Seuerus
1009 1702 1063 1767 iile
1087 1705 1119 1766 et
1139 1701 1263 1780 Petrus,
1288 1702 1343 1785 qui

210 1830 382 1894 numquam
400 1810 432 1875 in
453 1809 630 1875 Christiano
649 1828 777 1874 numero
796 1809 932 1891 reputati
951 1812 1035 1885 sunt,
1055 1808 1109 1890 qui
1125 1826 1182 1890 per
1199 1808 1344 1893 singulos

211 1916 278 1981 dies
311 1920 452 1981 sanctam
480 1916 767 1983 chalcedonensem
800 1915 953 1999 synodum
986 1914 1284 1997 sanctissimumque
1313 1918 1346 1980 et
1362 1931 1386 1970 1⁶

210 2022 429 2087 beatissimum
452 2026 572 2105 patrem
596 2025 738 2088 nostrum
760 2022 894 2086 Leonem
917 2021 1043 2103 publico
1067 2021 1264 2085 anathemate
1284 2020 1343 2086 im-

210 2131 363 2210 petentes,
396 2128 450 2211 qui
485 2128 637 2194 iudicium
675 2128 725 2192 dei
763 2127 842 2191 nihil
878 2127 1090 2192 existimantes
1127 2129 1160 2191 et
1194 2125 1342 2192 colendos

211 2253 344 2298 oenones
381 2238 560 2300 sanctorum
596 2238 720 2317 patrum
753 2235 981 2300 conculcantes.
1018 2233 1181 2317 episcopos
1214 2232 1341 2314 quidem

211 2340 382 2423 prinoipah,
402 2340 543 2423 potentia
569 2340 719 2405 facientes
744 2339 880 2403 exhiberi
904 2342 936 2403 et
957 2356 1014 2409 nos
1038 2341 1187 2422 cogentes
1209 2337 1342 2404 illudere

210 2445 402 2528 praedictam
426 2448 566 2511 sanctam
589 2445 742 2528 synodum
766 2445 930 2528 suppliciis
952 2443 1238 2525 inaestimabilibus
1262 2443 1341 2508 affli-
1360 2459 1394 2501 eo

169 2557 188 2618 5
214 2555 333 2636 gentes.
392 2551 474 2616 unde
498 2555 530 2616 et
552 2550 678 2634 quidam
697 2570 803 2616 eorum
821 2551 952 2616 iniectas
970 2552 1080 2634 plagas
1100 2549 1227 2616 minime
1245 2548 1342 2615 susti-

211 2660 319 2722 nentes
344 2656 381 2723 de
400 2658 460 2722 hoo
478 2657 668 2735 transiemnt
687 2659 718 2722 et
735 2659 913 2722 nostrorum
931 2676 1006 2722 uero
1026 2675 1086 2722 non
1105 2656 1217 2741 exigua
1233 2654 1342 2724 multi·

211 2763 288 2828 tudo
326 2766 488 2847 perempta
524 2768 582 2828 est.
625 2764 772 2829 euntibus
809 2783 944 2847 namque
981 2763 1071 2828 nobis
1103 2762 1143 2826 ad
1174 2760 1340 2825 'mandram

212 2869 318 2934 domni
350 2868 504 2934 Simeonis
532 2889 586 2952 pro
615 2889 711 2934 causa
738 2869 888 2934 ecclesiae
915 2868 1056 2934 insidiati
1088 2872 1163 2934 sunt
1189 2866 1279 2933 nobis
1306 2867 1339 2930 in

211 2975 321 3039 itinere
352 2974 520 3059 praedictis
547 2975 740 3057 coinquinati
767 2980 799 3039 et
821 2975 1075 3058 superuenientes
1100 2973 1280 3039 oeciderunt
1303 2992 1340 3037 ex
1359 2984 1386 3031 ro

211 3080 301 3146 nobis
327 3082 483 3145 trecentos
506 3081 732 3165 quinquaginta
759 3082 855 3158 uiros,
884 3082 1034 3163 quosdam
1062 3083 1167 3145 autem
1195 3077 1340 3143 uulnera-

300 3280 454 3368 4'a0m.·s,
475 3303 507 3358 ιο

247 3480 263 3532 2
282 3494 313 3532 ao
329 3478 425 3532 moniti
445 3479 556 3548 sonitui:
579 3479 708 3533 admoniti
730 3477 757 3532 V
842 3480 860 3532 4
877 3479 1025 3548 condignae
1044 3478 1112 3532 Bor.
1131 3495 1193 3533 eum
1214 3478 1340 3549 Vulgata

211 3568 348 3637 passiones
367 3583 399 3621 ω
415 3567 547 3636 passionis
570 3567 596 3620 V
682 3566 832 3621 'imadinm
855 3565 886 3631 V,
910 3583 977 3623 corr.
996 3564 1025 3617 οα
1112 3584 1161 3623 nes
1184 3568 1221 3623 V:
1239 3584 1288 3621 uos
1309 3570 1340 3622 et

214 3655 286 3718 Gar,
304 3654 381 3711 nohis
402 3655 480 3708 Patet
549 3658 668 3709 nestrum
686 3658 807 3709 sanctum
826 3654 951 3725 angelum
974 3654 1005 3721 V,
1024 3655 1128 3709 emeat
1199 3655 1339 3711 bmiseri·

212 3740 303 3797 cordes
325 3742 356 3806 V,
375 3758 443 3796 corr.
462 3740 489 3793 ο2
559 3739 677 3811 dissipat¹
691 3743 723 3806 V,
742 3758 810 3797 corr.
829 3740 858 3793 ο2
911 3744 944 3797 12
962 3742 1011 3797 hos
1027 3761 1055 3813 ρο,
1073 3759 1103 3797 os
1120 3742 1148 3797 V
1216 3747 1341 3798 armana

210 3832 247 3884 rit
260 3830 286 3883 V
294 3835 330 3896 (et
340 3832 421 3885 hicet
430 3848 460 3899 p.
475 3833 540 3895 567,
552 3832 659 3885 9taet'te
670 3837 784 3885 notatur
796 3832 969 3899 imperator):
983 3830 1146 3885 armauerint
1155 3832 1190 3883 οἳἸ
1220 3832 1251 3886 15
1263 3817 1338 3886 chal·

211 3919 388 3974 cedonencem
410 3918 437 3972 V
493 3919 524 3972 16
542 3920 677 3988 impetunt
694 3925 719 3973 et
737 3920 861 3987 deinceps
878 3918 982 3973 iaciunt
996 3962 1002 3973 .
1016 3961 1022 3974 .
1037 3919 1164 3988 affligunt
1180 3920 1340 3988 reproncnda

209 4039 296 4088 censet
318 4033 397 4086 Patet
449 4035 481 4087 21
503 4000 607 4104 qnide⁸m
632 4034 658 4088 V
724 4035 752 4087 in
771 4037 842 4088 ectae
867 4035 897 4097 V,
918 4050 1018 4089 ωω.ο
1042 4113 1043 4116 ¹
1077 4036 1111 4088 22
1130 4034 1182 4088 hoe
1197 4033 1337 4094 <saeculo>

127 4160 128 4163 η
214 4121 276 4175 Car.
331 4121 364 4174 23
384 4125 524 4190 perempta
546 4121 576 4186 V,
596 4137 697 4176 corae
742 4124 781 4186 ,25
800 4122 1008 4192 quoinquinenti
1031 4121 1061 4186 V,
1081 4138 1181 4177 corae
