2864 4620
123 277 185 341 762
288 242 454 343 Epiphanius
474 271 686 328 constantiensis
705 271 737 326 de
754 272 808 327 XII
822 273 933 343 gemmis
951 273 1089 326 rationalis

120 575 216 638 haee
240 578 332 644 sunt
353 574 469 638 milia
490 574 657 658 Ephrem
682 567 839 640 ethaeo
862 574 976 638 milia
998 575 1194 639 Marassa.

69 679 110 741 66
163 681 244 744 Item
266 681 432 744 undecima
454 681 574 744 numeri
598 680 712 745 diuisio
734 681 893 763 probatur,
917 682 1039 763 quando
1057 680 1247 763 praecipitur

121 787 177 864 eis,
202 789 368 867 antequam
395 785 609 868 ingredIantnr·
638 789 751 850 terram
779 787 886 864 Israel,
914 806 984 850 mor
1011 786 1246 851 transfretantes

119 894 282 958 Iordanem
315 896 401 957 stent
428 913 522 974 super
549 893 627 958 dnos
658 896 781 958 montes
815 893 951 959 Gerizim
988 897 1020 958 et
1048 893 1158 971 Gabai,
1197 911 1247 955 ser
1274 914 1286 952 a

119 1001 190 1063 hinc
215 1003 307 1081 atque
330 998 413 1077 inde,
442 1000 480 1062 ad
503 999 749 1064 benedicendum
772 1000 831 1076 his,
856 999 908 1081 qui
932 999 1115 1064 custodiunt
1135 999 1247 1083 legem,

119 1109 150 1170 et
173 1105 211 1169 ad
234 1105 481 1169 maledicendum
505 1106 565 1183 his,
590 1106 643 1188 qui
661 1106 741 1190 legis
759 1108 926 1188 praecepta
944 1124 1068 1169 seruare
1092 1107 1247 1186 contemp-

119 1212 226 1276 serint.
251 1216 282 1275 et
305 1215 354 1276 est
376 1211 439 1276 ista
462 1213 617 1282 eontentio
640 1212 777 1277 numeri:
806 1231 877 1276 uam
901 1230 993 1293 super
1015 1210 1247 1275 benedictiones

118 1319 279 1382 consecuti
299 1321 372 1382 sunt
390 1319 515 1384 Simeon
535 1318 611 1383 Leni
633 1318 728 1383 Iudas
746 1319 872 1382 lsaohar
889 1318 1002 1399 Ioseph
1022 1320 1054 1381 et
1070 1317 1246 1393 Beniamin,

119 1443 213 1506 super
247 1425 482 1489 maledictiones
520 1428 625 1489 autem
657 1424 704 1489 hi:
742 1425 853 1489 Ruben
890 1423 959 1489 Gad
989 1423 1069 1487 Aser
1106 1424 1246 1489 Zabulon
1265 1446 1286 1484 ιο

117 1530 184 1594 Dan
210 1535 241 1594 et
262 1529 434 1612 Neptalim.

65 1623 106 1686 67
160 1636 354 1700 Duodecimn
371 1656 481 1701 rursus
502 1641 550 1701 est
570 1636 685 1702 diuisio
704 1638 924 1714 numericam
943 1637 1117 1702 sortiuntur·
1134 1640 1248 1702 terram

116 1743 325 1824 possessionis
359 1762 433 1807 suae
467 1746 498 1809 et
525 1744 634 1807 Ruheu
667 1746 750 1808 sorte
777 1743 931 1827 contingit
957 1748 1042 1808 trans
1073 1743 1247 1820 Iordanem,

117 1853 284 1933 antequam
307 1849 491 1914 transiretur
512 1849 543 1912 in
567 1852 681 1914 temam
704 1850 810 1914 Israel.
836 1854 867 1914 et
890 1853 940 1914 est
960 1849 1023 1913 ista
1050 1848 1246 1914 distributioi

117 1955 227 2019 Ruben
260 1959 292 2019 et
322 1955 408 2019 iuxta
440 1974 512 2019 eum
545 1954 612 2021 Gad
637 1959 668 2020 et
696 1955 826 2020 dimidia
856 1956 956 2021 trihus
988 1955 1147 2032 Manasse;
1176 1955 1247 2019 dein
1266 1977 1290 2016 rs

72 2085 74 2090 ·
115 2063 313 2125 transeuntes
345 2061 506 2126 Iordanem
538 2063 658 2144 primus
689 2062 784 2126 Iudas
817 2062 941 2144 accipit,
975 2065 1043 2126 tum
1071 2061 1246 2140 Beniamin,

117 2167 186 2231 dein
224 2167 337 2249 Ioseph
375 2187 411 2231 er
443 2168 599 2245 Marassa,
638 2167 708 2232 dein
746 2168 871 2233 Simeon
903 2168 984 2232 inter
1019 2167 1182 2232 Beniamin
1215 2171 1247 2232 ot

116 2272 225 2336 Iudam
254 2274 375 2338 locatus
400 2276 431 2338 et
453 2276 490 2337 ut
511 2274 556 2338 ita
579 2274 706 2341 dixerim
736 2277 960 2358 coangustatus
991 2276 1049 2350 est,
1077 2274 1152 2355 quia
1177 2274 1242 2337 illis

46 2438 48 2443 .
116 2378 217 2459 spatia
252 2397 310 2443 non
352 2378 491 2447 luerunt:
533 2379 602 2444 daiu
645 2380 783 2449 Zabulon
823 2384 937 2445 terram
973 2379 1175 2461 consequitur
1213 2383 1244 2443 et

114 2484 241 2548 Isachar
268 2488 300 2548 et
320 2485 399 2550 Aser
422 2488 454 2551 et
476 2486 636 2569 Naptalim
664 2490 698 2551 at·
722 2485 801 2550 Dau.
832 2486 909 2551 Laui
936 2504 1009 2550 sano
1037 2486 1068 2549 in
1096 2485 1241 2551 omnibus
1260 2510 1287 2551 ao

115 2590 276 2672 dispersus
313 2595 362 2655 est
392 2591 547 2669 tribubus,
585 2592 731 2657 ciuitates
769 2592 967 2657 solummodo
1000 2595 1032 2656 et
1065 2592 1242 2657 suburbana

113 2696 298 2779 percipiens.

63 2793 104 2856 68
157 2803 279 2868 Rursus
311 2803 405 2867 tertia
436 2803 558 2870 decima
586 2805 699 2870 diuisio
727 2805 850 2871 numeri
877 2804 1012 2870 occurrit
1035 2824 1069 2867 er
1092 2804 1242 2868 Zacharia

112 2907 274 2991 propheta,
295 2908 378 2974 sicut
397 2910 488 2976 dicit:
512 2910 549 2975 in
569 2911 643 2976 illa
662 2911 725 2976 dia
743 2912 938 2995 plangent
957 2929 1089 2976 omues
1106 2910 1240 2974 tribus

113 3015 255 3092 terrae,
284 3016 416 3081 trihus
445 3017 581 3083 domus
609 3017 739 3086 Dauid
767 3037 953 3100 superse
982 3021 1020 3081 et
1045 3016 1239 3080 mulleres
1259 3039 1283 3080 aa

113 3138 245 3183 corum
276 3141 396 3205 super
420 3143 470 3201 se,
493 3125 627 3189 tribus
655 3123 792 3189 domus
815 3123 972 3189 Nathan
996 3141 1115 3204 super
1139 3141 1178 3184 se
1204 3124 1241 3185 et

112 3227 302 3293 mulleres
322 3247 455 3294 eorum
474 3248 593 3312 super
615 3249 664 3309 se,
689 3231 821 3295 tribus
846 3230 983 3294 domus
1002 3227 1100 3293 Laui
1119 3247 1241 3309 super·

113 3353 153 3399 se
191 3337 228 3398 et
264 3333 456 3399 mulieres
499 3355 633 3400 eornm
675 3356 794 3423 super
834 3356 885 3414 se,
927 3336 1058 3400 tribus
1099 3335 1240 3398 domus

112 3440 270 3505 Simeon
312 3459 430 3523 super
471 3461 511 3506 se
553 3446 591 3506 et
630 3442 823 3507 mulieres
862 3462 995 3508 eorum
1037 3459 1152 3522 super
1189 3461 1240 3518 se,

57 3786 59 3789 v
199 3717 215 3770 2
236 3717 378 3772 Deuteron.
398 3718 440 3781 83,
462 3719 493 3772 17
548 3716 616 3773 aar.
635 3720 781 3774 Deuteron.
800 3720 843 3784 27,
864 3721 896 3773 12
915 3736 953 3788 sq.
1009 3719 1041 3774 13
1060 3735 1117 3787 sqq.
1137 3717 1171 3772 cl.
1187 3717 1240 3776 Ios.

112 3823 168 3876 cap.
189 3807 292 3862 15-19
347 3807 379 3860 21
392 3805 433 3863 ci.
453 3807 504 3862 Ios.
525 3809 567 3871 14,
585 3811 602 3861 4
656 3809 690 3862 24
708 3806 815 3861 Zachar.
836 3808 877 3871 12,
897 3807 1001 3859 12-14

148 3981 160 4033 1
181 3981 301 4050 neptalin
325 3981 351 4034 V
401 3980 632 4036 Sbenedietiones
650 3983 746 4053 Foyyn
766 3982 899 4036 benedicti
918 3980 960 4034 his
979 3989 993 4034 e
1016 3980 1042 4032 V
1100 3979 1133 4034 10
1151 3981 1192 4034 hii
1216 3982 1243 4034 V

112 4069 142 4122 ll
162 4069 330 4138 neptaiiuV
406 4070 438 4125 13
461 4069 589 4124 iordanen
611 4071 638 4125 V
712 4075 745 4127 26
765 4078 789 4126 et
808 4073 841 4125 27
861 4087 950 4124 eorum
967 4070 1076 4138 scripsi:
1100 4087 1193 4124 earum
1216 4071 1243 4124 V

109 4155 193 4225 Ρο99.
249 4159 282 4212 28
301 4165 326 4212 et
344 4159 377 4213 29
398 4175 487 4213 eormn
505 4160 539 4212 V:
560 4176 650 4213 earum
667 4161 753 4230 Foqq.
