2902 4628
176 279 240 343 682
347 275 539 344 Suggesticnes
557 272 679 328 Dioscori
698 275 725 326 et
741 272 891 341 legatorum
909 271 943 324 ad
961 269 1129 324 Hormisdam

178 470 352 554 cogitemus
381 469 530 545 absentia,
559 472 591 533 et
617 487 672 550 pro
700 466 750 531 his
777 467 870 531 rebus
899 464 1080 530 sollicitudo
1107 467 1213 530 nostra
1235 483 1295 528 non

132 574 153 636 2
176 575 295 657 patitur
318 573 473 640 scribendi
497 574 656 657 quaslibet
678 572 858 638 occasiones
882 571 1036 637 omittere.
1095 570 1225 636 antehac
1242 590 1299 653 per

176 681 425 766 magistrianum,
450 681 557 762 quiin
580 679 705 763 patricii
728 677 908 762 Symmachi
928 677 1082 745 remeauit
1101 677 1298 758 obsequium,

176 787 297 852 litteras
323 786 450 850 karitati
477 790 599 850 uestrae
628 785 806 863 direximus,
835 785 1005 861 hortantes,
1031 787 1067 848 ut
1088 803 1145 849 nos
1169 783 1206 847 de
1230 782 1299 846 uni·

176 894 287 972 uersis,
316 911 396 975 quae
423 894 454 956 in
484 911 579 958 causa
605 890 819 956 ecclesiastica
846 894 936 975 gesta
963 894 1037 955 sunt
1063 891 1115 955 uel
1138 892 1299 974 gemntur,
1335 914 1342 953 a

176 1018 236 1064 non
260 1000 447 1065 omitteretis
470 999 638 1063 instruere:
662 998 745 1080 quod
768 1000 800 1061 et
817 981 918 1063 facere
936 1016 991 1081 pro
1010 999 1134 1062 nostrae
1154 995 1300 1080 cogitati-

178 1106 244 1171 onis
275 1105 466 1170 relenaticne
498 1098 664 1169 debebitis.
695 1104 795 1169 nostri
827 1104 910 1168 enim
941 1103 1010 1167 uoti
1042 1104 1099 1181 est,
1131 1104 1169 1166 ut
1198 1101 1300 1166 labori

176 1214 282 1276 uestro
323 1211 399 1275 deus
445 1211 639 1293 omnipotens
685 1209 896 1274 desideratum
941 1209 1108 1274 concedere
1153 1209 1301 1293 dignetur

132 1314 153 1377 3
177 1317 332 1382 effectum.
401 1316 593 1399 Stephanum
616 1316 852 1400 negotiatorem,
876 1335 931 1399 per
952 1333 1046 1397 quem
1072 1314 1164 1380 uobis
1191 1318 1300 1380 nostra

177 1421 396 1487 contradentur
418 1421 565 1503 alloquia,
589 1420 620 1484 in
645 1438 706 1502 qno
729 1421 807 1484 ratic
830 1419 1018 1503 poposcerit,
1047 1419 1298 1502 competentibus
1316 1443 1337 1481 n

177 1526 297 1591 solatiis
326 1525 482 1604 adiuuate,
511 1525 585 1608 quia
610 1526 693 1591 hunc
717 1545 839 1609 semper
860 1528 1002 1590 nostrum
1025 1525 1125 1590 fuisse
1146 1522 1296 1590 recolitis.

175 1633 258 1697 Data
280 1631 388 1697 ecdem
412 1631 472 1697 die.

683 1821 789 1906 (aaa.)

442 1964 514 2009 laun
537 1946 703 2010 sv'uaasmo
726 1964 869 2011 moseum
891 1964 1032 2009 DIAGONI.

218 2068 295 2132 Erat
312 2067 449 2150 optabile
468 2071 501 2132 et
517 2071 592 2133 uoto
612 2072 716 2134 nostro
736 2069 922 2134 conueniens
938 2069 1138 2134 consonantia
1151 2069 1298 2151 praeteri·
1317 2096 1342 2136 ra

173 2173 217 2238 tis
243 2174 395 2251 nuntiare,
416 2174 537 2238 scilicet
560 2173 739 2256 pontificem
762 2173 1120 2258 Constantinopolitanae
1146 2173 1298 2240 ecclesiae

174 2278 343 2345 Iohannem
376 2298 444 2345 esse
477 2280 679 2362 superstitem
711 2283 743 2345 et
774 2280 1000 2345 confessionem
1030 2279 1137 2344 libello
1170 2281 1298 2345 editam.

176 2387 265 2451 cuius
289 2385 400 2450 merita
422 2405 482 2450 non
506 2389 555 2451 est
578 2386 707 2451 dubium
726 2386 783 2452 deo
802 2388 933 2470 placere,
953 2386 1007 2468 qui
1024 2387 1106 2450 inter
1123 2385 1297 2451 catholicos

176 2494 208 2556 et
235 2473 514 2556 communicatores
543 2491 626 2556 sedis
651 2492 840 2576 apostolicae
863 2493 979 2557 meruit
1002 2490 1041 2556 ad
1064 2491 1156 2556 aliam
1181 2510 1226 2569 ex⁴
1240 2492 1298 2556 hac

133 2603 151 2665 2
176 2597 243 2661 uita
270 2596 437 2663 discedere.
467 2597 496 2661 in
525 2597 614 2662 cuius
641 2598 745 2663 locum
769 2596 962 2680 Epiphanius
986 2596 1112 2680 qnidam
1135 2595 1298 2680 presbyter
1315 2624 1342 2664 no

176 2701 329 2783 quondam
358 2701 515 2785 syncellus
544 2702 611 2767 eins
640 2703 783 2768 accessit.
813 2703 903 2768 cuius
925 2702 1014 2767 initia
1035 2686 1117 2768 bona
1139 2701 1297 2781 uidentur,

174 2827 244 2871 nam
280 2807 477 2884 rationabilia
507 2794 648 2890 loquitur
680 2813 710 2873 et
745 2808 902 2892 promittit
924 2811 1062 2891 patrum
1099 2826 1132 2872 se
1169 2810 1296 2893 regulas

175 2915 372 2977 seruaturum
399 2932 507 2997 pacem
534 2914 748 2998 unitatemque
777 2915 950 2981 ordinatam
976 2934 1037 2980 non
1065 2913 1217 2996 dissipare
1242 2914 1297 2979 sed

131 3019 275 3102 3magis
312 3038 434 3102 augere.
466 3022 528 3084 ista
560 3024 634 3086 sunt
656 3039 734 3104 quae
757 3021 928 3106 promittit3
960 3018 1036 3103 quid
1067 3022 1171 3084 tamen
1205 3039 1296 3104 opere

173 3124 276 3206 possit
319 3123 457 3207 implere,
503 3126 604 3191 adhuc
643 3127 848 3211 ignoramns;-
881 3127 936 3191 has
979 3125 1133 3207 siqnidem
1173 3124 1335 3195 litterasue

175 3232 320 3311 quartum
360 3233 433 3313 post
473 3232 697 3298 ordinationem
738 3234 805 3297 eius
847 3232 929 3297 diem
969 3234 1090 3316 reperta
1135 3232 1297 3306 occasione

173 3334 406 3400 transmisimus
438 3337 571 3402 necdum
605 3357 676 3402 cum
708 3357 744 3404 eo
778 3337 1089 3414 communicabimus,
1113 3355 1173 3402 non
1207 3337 1296 3420 qnasi

129 3440 150 3503 4
172 3440 355 3506 resistentes
378 3441 433 3506 sed
456 3443 528 3525 qnia
551 3431 651 3509 adhuc
675 3446 713 3510 ab
734 3464 769 3509 eo
790 3465 848 3509 non
869 3464 978 3509 surmus
997 3443 1133 3508 inuitati.
1152 3446 1297 3527 superest

210 3703 291 3771 luia
309 3735 341 3772 ccc
358 3704 406 3772 uf'a
423 3718 540 3774 ccrr.V
590 3723 743 3776 tortantcs
762 3722 788 3775 V
838 3720 1102 3776 dobmittoretiaV
1151 3722 1187 3774 12
1203 3719 1296 3776 ecdem

172 3804 227 3874 die]
244 3806 301 3861 ecit.
321 3823 373 3876 quo
391 3823 430 3875 cp.
450 3809 511 3862 220

207 3892 273 3948 222.
308 3894 376 3949 Dat.
396 3911 421 3950 a.
444 3896 626 3951 caelescere
641 3897 697 3963 fere
713 3915 801 3953 meac
812 3898 934 3966 Martie·
953 3914 1008 3953 acc.
1023 3898 1067 3952 dic
1082 3897 1181 3966 7Apr;
1221 3897 1296 3953 Edu.

175 3980 238 4035 Cor.
256 3981 287 4034 1²
306 3985 372 4048 531;
388 3982 457 4037 Bar.
472 3982 511 4036 cd
525 4000 551 4038 o.
567 3986 633 4052 620,
650 3990 681 4052 7,·
696 3985 804 4040 Celtcct
823 3985 940 4050 Coacil.,·
960 3985 1038 4040 Tbe‘el
1054 3989 1110 4041 911.
1147 3987 1180 4040 14
1193 3971 1263 4040 nnio
1274 3986 1301 4039 V

172 4068 204 4120 21
224 4068 349 4123 sincellus
372 4069 395 4122 V
499 4073 628 4126 successit
648 4072 709 4127 Gor.
808 4073 841 4128 26
861 4077 956 4143 quarta
970 4115 975 4127 .
991 4072 1131 4153 seiusdem
1148 4076 1256 4143 reperta
1274 4093 1296 4144 ρ,

173 4158 268 4222 quarta
282 4197 288 4209 .
304 4197 309 4209 .
324 4156 440 4210 eiusdem
461 4158 503 4212 die
521 4164 627 4230 reperte
647 4161 711 4216 Gor.
