2864 4620
10 275 74 339 556
328 271 474 327 Hormisda
489 270 612 326 Eunodio
631 275 659 325 et
675 270 819 340 Peregrina

8 467 157 544 membra,
189 465 375 548 perstiteris,
407 467 442 529 tu
475 482 599 546 quoque
631 482 703 528 cum
733 462 795 540 his,
835 480 913 544 quos
951 460 1142 526 nominatim

9 572 195 637 condemnat
226 570 381 637 catholiea
411 569 576 648 sententia,
608 569 774 651 copuleris.
841 568 923 632 Data
954 566 1053 650 pridie
1088 566 1140 631 Id.

9 677 108 759 April.
132 677 267 762 Agapito
291 695 377 742 cous.

518 866 626 952 (134.)

53 1011 208 1057 somena
242 1011 376 1057 uuuomo
414 1012 453 1056 ur
488 1010 660 1055 rsaeoumo
692 1010 860 1056 urrscorrs.
927 991 1140 1072 Posteaquam
1171 1014 1186 1054 a

8 1099 149 1181 profecta
175 1101 225 1164 est
246 1098 358 1163 caritas
380 1101 498 1174 uestra,
519 1097 760 1180 Nicopolitanus
784 1097 944 1174 diaconus,
968 1095 1023 1179 qui
1043 1095 1140 1159 uobis

10 1202 105 1267 etiam
128 1203 317 1267 occurritis
338 1203 459 1280 itinere,
481 1203 614 1267 Romam
636 1202 734 1269 uenit.
758 1221 852 1285 quem
874 1203 1140 1284 praetermorem

8 1308 148 1373 uidimus
181 1309 366 1393 cogitantes,
399 1327 437 1373 ue
468 1309 548 1374 forte
581 1310 674 1387 esset,
707 1308 792 1390 quod
825 1308 863 1372 ad
898 1307 1140 1373 instructionem

9 1414 175 1479 mandatae
198 1414 288 1480 uobis
310 1415 478 1500 legationis
501 1415 622 1480 adicere
640 1413 835 1479 deberemus.
855 1413 938 1495 quod
956 1415 989 1477 et
1005 1412 1141 1477 rationa-

10 1520 115 1584 biliter
135 1520 255 1585 factum
277 1522 348 1604 ipsa
369 1541 418 1586 res
443 1521 604 1586 euidenter
626 1520 771 1586 ostendit.
794 1519 911 1604 optulit
939 1519 1022 1584 enim
1046 1517 1140 1584 nobis
1159 1546 1186 1587 ιο

11 1626 178 1707 epistolam
205 1627 351 1691 lobannis
380 1627 520 1710 episcopi
548 1627 598 1692 sui
626 1629 658 1692 et
684 1626 778 1691 aliam
805 1625 918 1711 synodi
945 1624 1140 1690 subiacentis

11 1732 160 1797 ecclesiae
187 1731 436 1815 Nicopolitanae,
461 1752 523 1816 qua
545 1737 720 1816 queruntur
741 1732 780 1797 ab
802 1731 951 1814 episcopo
974 1730 1141 1798 Thessalo-

10 1837 128 1903 nicensi
152 1839 299 1904 excitatas
319 1838 487 1905 aduersum
506 1859 540 1904 se
557 1843 623 1904 tam
640 1838 827 1921 principales
847 1858 940 1922 quam
957 1835 1140 1902 iudiciarias

9 1946 196 2026 potestates
222 1945 482 2010 concussionibus
510 1947 542 2010 et
564 1943 735 2028 dispendiis
759 1964 793 2009 se
816 1943 1017 2009 uehementer
1040 1941 1141 2025 affligi

9 2053 135 2132 propter
156 2050 226 2127 hoc,
250 2049 324 2132 quia
347 2048 385 2114 de
408 2049 599 2116 ordinatione
623 2068 681 2114 sua
698 2048 737 2113 ad
756 2049 939 2133 episcopum
956 2046 1140 2112 relationem
1160 2076 1187 2114 15

12 2155 184 2219 secundum
210 2154 314 2237 prisca
341 2155 482 2238 exempla
507 2175 568 2222 non
594 2155 726 2220 miserit.
753 2174 809 2237 pro
834 2173 896 2237 qua
918 2167 1013 2218 causa
1036 2172 1139 2235 spera-

11 2252 134 2337 uer'uut,
162 2264 199 2325 ut
222 2261 259 2324 de
282 2261 417 2327 remedio
443 2261 579 2346 cogitare
604 2261 797 2337 deberemus,
821 2260 1020 2325 consulentes
1043 2260 1141 2324 etium

11 2375 79 2445 nos,
107 2370 213 2432 utrum
241 2367 385 2432 daremus
413 2367 459 2432 eis
484 2367 645 2444 licentiam
671 2367 853 2432 relationem
880 2365 919 2430 ed
942 2364 1142 2448 designatum

12 2473 194 2556 episcopum
223 2472 393 2538 secundum
422 2472 680 2538 consuetudinem
709 2471 894 2536 destinandi.
923 2471 1005 2536 unda
1027 2473 1143 2535 tracta

12 2578 117 2664 uimus
145 2581 178 2643 et
204 2579 386 2662 episcopum
414 2579 540 2662 quidem
565 2578 818 2661 Nicopolitauum
849 2576 1078 2655 admonuimus,
1102 2596 1142 2640 ne
1161 2609 1190 2646 20

12 2685 76 2749 tale
110 2685 230 2769 aliquid
266 2680 379 2754 audere
415 2687 594 2766 temptaret,
632 2684 659 2749 si
690 2683 856 2749 nobiscum
888 2682 967 2748 uelit
997 2682 1029 2746 in
1058 2700 1142 2746 com·

13 2790 160 2856 munione
183 2792 360 2873 persistere,
384 2810 422 2856 ue
444 2810 500 2874 per
521 2791 624 2868 illum,
644 2790 673 2854 si
691 2790 729 2855 ab
748 2808 796 2865 eo,
815 2788 869 2870 qui
889 2808 907 2852 a
924 2787 1142 2852 communione

13 2899 120 2961 nostra
151 2897 270 2963 alienus
302 2899 360 2975 est,
394 2895 659 2962 confirmationem
693 2895 836 2978 petisset,
874 2897 980 2959 nostra
1013 2888 1143 2974 duoque

14 3003 191 3069 commuuio
215 3004 396 3088 contagium
415 3003 594 3069 sustineret.
648 3000 724 3066 hacc
742 3021 811 3078 uos,
830 3002 868 3064 ut
886 3000 990 3064 omnia
1007 2998 1142 3074 sciretis,

14 3106 230 3172 instruximus.
263 3107 339 3192 quid
371 3112 476 3173 autem
506 3107 641 3191 propitio
674 3107 731 3172 deo
762 3106 855 3171 uobis
888 3105 925 3170 de
956 3105 1016 3169 hac
1047 3122 1144 3167 causa
1161 3137 1192 3176 25

17 3213 171 3297 agendum
209 3214 261 3293 sit,
296 3215 439 3280 subiecta
474 3213 641 3278 declarant.
708 3212 790 3276 Data
824 3211 925 3295 pridie
961 3210 1007 3275 ld.
1043 3209 1141 3293 April.

15 3319 149 3403 Agapito
172 3338 256 3386 cons.

53 3510 203 3564 lmembra
227 3510 254 3564 V
302 3510 386 3579 3apl
408 3508 435 3562 V

53 3598 117 3659 aas.
152 3598 335 3672 Det.'(eimut
353 3614 413 3651 cum
426 3614 482 3666 epp.
497 3600 561 3661 127,
575 3599 640 3664 133,
654 3598 722 3663 135)
738 3612 764 3651 a.
782 3599 836 3649 517
854 3594 897 3648 dic
915 3597 950 3648 12
962 3595 1030 3662 Apr.
1070 3591 1144 3646 Eoo.

20 3684 82 3740 uae.
101 3684 133 3739 1²
148 3690 220 3754 scm
237 3674 306 3740 aar.
322 3685 361 3739 ao
374 3702 400 3739 a.
418 3687 479 3748 517,
499 3689 553 3753 aa·
574 3685 681 3739 coroa.
703 3683 820 3752 coeio,
836 3683 918 3737 ΒΤΑ
936 3682 1046 3748 1403,-
1068 3680 1147 3735 suaa

18 3778 85 3828 807.
141 3775 174 3828 13
193 3773 332 3853 iudiciaria
355 3772 386 3839 V,
406 3789 472 3828 corr.
492 3772 519 3825 ο2
573 3771 606 3828 25
624 3772 689 3842 quid
709 3790 735 3842 p:
754 3773 803 3842 qui
823 3772 850 3825 V
909 3771 974 3825 deus
997 3770 1028 3834 V,
1047 3785 1146 3838 comp

16 3855 322 3917 uaceaheecemof
370 3862 405 3915 26
426 3862 531 3931 apliV
