2864 4620
486 273 586 348 ¹Epist.
606 272 698 328 clxv
718 274 730 326 1
752 305 785 313 -
804 271 912 327 CLXVI
929 275 954 328 3.

684 464 789 547 (loo.)

231 607 389 652 ExnnPnun
413 599 623 660 (nnmerum)
646 607 830 652 rflnonolrlnl
853 600 995 652 EPISCOPI
1016 607 1222 653 LIGNIDENSIS.

210 731 325 775 oonrno
349 729 468 775 erroro
491 729 592 774 sunno
616 730 837 780 runumcnuur
855 731 893 774 un
912 730 1079 776 moranno
1099 730 1287 777 nrosuonrco
1368 795 1371 799 .

166 810 260 880 resur
294 836 466 882 uomsnnu
502 827 606 880 runnu
638 823 725 880 unare
760 836 860 880 nonna
893 836 1012 880 nunnae
1043 836 1180 882 sumnus
1212 837 1287 882 nnus

135 931 386 986 sruuouonruus.
451 922 540 986 Meae
565 922 690 1004 quidem
715 923 892 1005 exiguitatis
911 941 971 986 non
991 925 1074 986 esset
1092 927 1156 987 tam
1175 940 1299 1006 magna-

165 1045 363 1109 praesumere
402 1030 433 1090 et
470 1028 509 1091 ed
544 1031 685 1092 uestrum
721 1029 809 1111 pium
840 1032 872 1091 et
903 1031 1047 1095 sanetum
1078 1029 1288 1110 apostolatum

165 1131 274 1213 pusilli
305 1146 446 1197 sermone
477 1136 654 1222 praesentes
689 1133 835 1216 paruulus
868 1133 1021 1198 destinare
1056 1134 1196 1217 paginas,
1230 1132 1288 1197 sed

167 1237 242 1319 quia
267 1257 327 1328 pro
357 1238 454 1303 insita
485 1239 576 1303 uobis
608 1223 812 1314 humanitate,
845 1239 895 1321 pio
929 1237 1156 1322 propitiationis
1178 1237 1287 1302 xauimo

167 1343 271 1408 omnia
297 1347 376 1408 nutu
404 1344 580 1415 diuinitatis
603 1348 765 1428 protegere
789 1345 963 1422 constituti,
987 1344 1127 1410 lucidum
1151 1344 1232 1408 diem
1256 1346 1289 1407 et

123 1473 150 1514 ro
166 1448 266 1514 totius
293 1449 478 1514 festiuitatis
505 1453 659 1533 repletum
684 1451 767 1515 omni
789 1450 969 1523 reddidistis
991 1450 1107 1515 mundo
1131 1452 1163 1514 et
1185 1449 1289 1515 omnia

153 1553 281 1620 ‘uestris
304 1553 517 1636 praedicandis
540 1556 684 1638 precibus
708 1556 746 1619 ad
768 1555 934 1637 pristinum
957 1555 1087 1621 unitatis
1114 1554 1287 1620 reuoeastis

166 1662 284 1728 statum
308 1663 341 1724 et
361 1661 393 1725 in
416 1681 512 1725 unum
536 1660 719 1725 oonoordsre
742 1661 795 1725 uel
813 1661 981 1746 subiuga-re
998 1661 1114 1725 nestris
1131 1658 1288 1742 praediea-

160 1765 282 1839 ¹bilibus
315 1768 347 1830 et
373 1765 539 1831 ‘adorandis
569 1765 690 1831 meritis
726 1766 896 1831 annuistis:
931 1766 1076 1848 ideoque,
1111 1764 1172 1829 etsi
1207 1762 1329 1828 meis2

166 1871 297 1936 obrutus
329 1865 547 1952 iniquitatibus
576 1876 607 1936 et
635 1873 673 1936 ab
701 1872 746 1936 eis
774 1872 912 1954 undique
939 1890 1117 1955 oppressus,
1145 1888 1180 1935 er
1206 1869 1285 1952 ipsis

123 2003 148 2043 rs
165 1979 321 2042 recreatus
365 1977 493 2042 infernis
537 1979 711 2042 recurrente
752 1977 790 2069 ad
831 1977 967 2062 gloriosa
1003 1976 1143 2061 uestigia
1181 1978 1286 2040 uestra

165 2082 343 2147 confamulo
370 2102 440 2147 meo
469 2083 536 2148 uiro
562 2084 711 2168 religioso
733 2084 877 2149 Pullione
900 2083 1051 2165 usurpaui
1072 2100 1122 2146 me
1145 2084 1208 2146 tam
1231 2099 1287 2163 per

165 2207 237 2252 oum
265 2202 359 2271 quam
385 2190 479 2254 etiam
501 2189 550 2254 his
573 2191 712 2273 paruulis
737 2194 769 2254 et
790 2189 910 2274 exiguis
933 2189 1047 2263 uestris
1070 2186 1284 2270 praedicendis

165 2295 197 2357 et
218 2291 381 2359 adorandis
403 2299 633 2377 repraesentare
655 2296 812 2383 uestigiis,
837 2295 980 2360 diuinum
999 2295 1144 2361 omnibus
1162 2293 1283 2358 uiribus

164 2417 291 2464 exorans
313 2399 453 2466 fauorem
476 2404 508 2466 et
530 2403 613 2466 olera
634 2421 712 2467 uooe
735 2421 807 2467 oum
829 2401 973 2468 omnibus
997 2400 1120 2466 omnino
1139 2401 1283 2464 senune:

123 2504 1281 2590 sogloriaineroelsisdeoetintorraparetinhominibus

164 2609 287 2675 bonae
310 2595 563 2689 uoluntatis,
592 2613 646 2694 qni
672 2632 727 2695 pro
756 2632 813 2678 sua
838 2603 1145 2694 incomprehensibili
1167 2610 1282 2692 pietate
1305 2617 1326 2679 3

164 2716 279 2780 uestris
310 2716 453 2782 mirificis⁴
480 2717 626 2801 precibus
659 2719 762 2784 omniu
791 2718 985 2784 illuminauit
1016 2719 1049 2782 et
1079 2715 1225 2781 liberauit
1251 2717 1283 2779 et

163 2820 304 2886 lucidum
318 2824 351 2890 et
364 2823 464 2888 totius
479 2823 663 2889 festiuitatis
681 2819 837 2907 repletum
851 2824 934 2888 diem
947 2825 978 2888 in
993 2826 1060 2888 toto
1076 2823 1148 2887 orbe
1166 2821 1281 2886 uestris

164 2925 221 2993 deo
245 2927 347 3010 dignis
369 2929 514 3010 precibus
536 2929 695 3011 praestitit
713 2928 747 2996 et
762 2931 800 2994 ab
820 2930 904 2997 omni
921 2929 1087 3012 iniquitate
1110 2927 1229 3012 exiguit
1251 2930 1283 2991 et

120 3056 147 3096 ss
164 3049 286 3097 omnem
299 3033 416 3098 nodum
434 3035 643 3118 colligationis
658 3036 796 3102 absoluit
809 3039 841 3101 et
854 3055 976 3101 omnem
992 3035 1136 3101 semitam
1150 3033 1281 3116 aperuit.

250 3207 463 3299 nmen

197 3355 267 3416 loo.
320 3356 388 3411 Dat.
411 3375 437 3411 a.
464 3362 516 3412 519
532 3373 620 3414 mense
636 3359 726 3426 Maio,
738 3375 792 3429 per
808 3360 975 3429 Pollionem
994 3367 1092 3429 accept.
1110 3367 1141 3416 ut
1158 3365 1280 3433 ep2160.

162 3441 235 3496 Edu.
261 3443 323 3502 Gor.
347 3445 377 3499 1²
403 3450 472 3513 499;
492 3447 562 3501 Bur.
586 3449 624 3502 acl
646 3464 672 3504 o.
695 3450 754 3514 519,
776 3451 828 3514 40;
846 3449 955 3504 ,Concor
977 3449 1094 3514 Oeneus
1115 3450 1194 3504 laist
1212 3450 1280 3504 854.

163 3529 318 3600 lepistolae
329 3531 393 3587 add.
407 3529 470 3588 edit.
484 3549 535 3603 rep.
549 3535 594 3605 (of.
608 3534 729 3588 Iudicem
745 3536 894 3605 generalem
908 3536 1010 3590 eddom
1021 3536 1053 3589 in
1065 3536 1279 3606 Prolep.cap.1)

162 3629 340 3674 rnnnrnrrusrs
363 3620 395 3684 V,
413 3636 481 3675 corr.
500 3621 602 3676 Bittius
688 3623 706 3676 4
725 3622 838 3692 onniude
861 3622 887 3676 V
972 3626 988 3678 6
1008 3627 1035 3677 et
1055 3627 1130 3689 (onte
1147 3626 1279 3689 sanetum)

159 3714 245 3777 supro
263 3706 336 3762 lineo
355 3708 420 3763 add.
443 3708 468 3760 V
553 3710 570 3763 9
593 3708 734 3764 constituti
756 3710 791 3764 V:
815 3711 942 3765 constitui
960 3728 985 3776 α,
1010 3711 1186 3766 constituistis
1207 3711 1279 3770 Cur..

162 3796 336 3865 consueuistis
354 3796 423 3861 Bor.
510 3798 541 3852 13
558 3797 687 3869 ideoque]
700 3815 750 3867 per
768 3799 981 3863 anacolutlu'om,
1000 3801 1080 3868 quaet
1094 3799 1283 3868 massanissae

158 3883 292 3938 sententia
304 3885 445 3952 primasio
493 3887 530 3940 l'l.
545 3886 646 3958 exiguis
659 3873 786 3940 <chartis>
799 3886 868 3943 Bor.
919 3887 953 3941 18
970 3891 1169 3957 repraesentare
1190 3886 1281 3961 lVoiel:

160 3985 201 4025 me
218 3975 418 4043 'repraesentare
442 3972 468 4026 V
593 3974 625 4028 19
644 3977 766 4028 exortans
789 3973 821 4038 V,
840 3991 908 4029 conr.
930 3974 1007 4029 Ttiet
1115 3975 1233 4029 faborem
1256 3973 1283 4028 V

160 4073 257 4113 sanans
284 4057 315 4124 V,
342 4073 410 4115 corr.
437 4077 512 4115 man.
538 4076 589 4114 reo.
614 4078 642 4114 a:
671 4077 767 4114 canens
795 4079 808 4112 o
897 4063 929 4116 21
958 4054 1225 4132 incomprehensibile
1256 4062 1282 4116 V

159 4145 194 4207 22
210 4146 285 4201 lioao
303 4165 332 4202 u:
350 4147 408 4203 lion
430 4148 455 4202 V
506 4150 541 4203 24
559 4149 660 4218 exiguit
682 4148 717 4202 V:
737 4149 835 4219 eripuit
853 4148 879 4200 o²
932 4151 966 4203 25
985 4150 1173 4220 eollegaoionis
1196 4150 1223 4204 V
