2864 4620
490 280 577 348 apat.
596 279 680 335 cxvr
701 279 808 334 ra-ao.
1145 281 1208 345 617

84 472 275 537 fiducialiter
298 491 369 556 ergo
393 475 551 554 rogamus,
575 476 611 535 61
632 491 688 553 per
714 490 771 536 uos
798 472 829 535 in
856 472 1008 536 unitatem
1036 491 1209 536 reuertatur

89 579 232 655 eeclesia,
260 578 361 642 sciant
389 597 497 642 omues
525 578 664 661 episcopi
692 579 885 641 uolunt-atem
913 583 1050 642 uestram
1078 582 1110 640 et
1136 577 1209 659 quia

87 684 243 766 synodum
273 683 533 748 calcedonensem
567 686 598 747 61
630 683 778 765 661616166
809 702 907 765 66666
932 683 1044 764 Leonis
1076 684 1207 748 seruatis

88 791 140 854 uel
159 790 242 853 sedis
258 789 446 872 apostolicae
462 790 650 854 constituta’.
698 789 722 853 si
739 788 858 866 dixerit,
875 808 934 870 quo
950 789 1054 854 ordine
1067 789 1259 858 1661661617

53 897 259 973 6616116666,
283 914 316 959 66
340 893 450 959 debere
474 914 669 980 cognoscere,
697 896 809 960 iterum
836 915 943 978 preces
971 894 1114 959 adhibete
1137 913 1208 959 cum

87 1002 264 1066 humilitate
288 1001 425 1066 dicentes
448 1005 545 1083 ‘pater
561 1005 666 1066 uester
684 1002 810 1085 scripsit
827 1002 981 1085 episcopis
1010 1001 1207 1086 generaliter:

87 1108 208 1192 iungite
231 1107 280 1172 his
303 1107 418 1171 litteris
442 1126 545 1172 sacras
569 1111 689 1171 uestras
713 1107 923 1192 significantes
947 1108 1005 1172 hoc
1027 1125 1086 1171 uos
1108 1107 1207 1170 uindi-

89 1232 168 1291 care,
197 1213 281 1295 quod
308 1216 339 1277 61
368 1213 456 1277 66166
485 1213 658 1296 6666161166
683 1214 851 1296 praedicat,
880 1217 1022 1292 611666,
1051 1212 1104 1296 qui
1136 1215 1208 1276 suut

89 1319 261 1396 orthodoxi,
286 1317 323 1382 16
346 1319 467 1383 6611616
491 1319 573 1383 sedis
597 1320 785 1401 apostolicae
813 1320 939 1384 minime
962 1322 1207 1402 666616616661,

36 1443 71 1482 ro
89 1425 143 1507 qui
165 1426 214 1490 116
238 1429 312 1490 6661
334 1425 487 1502 contrarii,
511 1432 749 1508 cognoscuntur.
776 1419 888 1508 quibus
913 1426 1059 1489 ordinatis
1081 1424 1208 1506 paratus

57 1617 60 1622 Α
90 1534 138 1595 661
159 1533 246 1613 pater
268 1533 383 1607 uester,
408 1531 663 1614 616666166611,
692 1550 780 1595 suam
808 1531 1040 1596 accommodare
1067 1550 1208 1614 praesen·

88 1637 165 1701 tiam
198 1639 239 1712 et,
272 1635 421 1718 quicquid
453 1636 583 1717 expedit,
617 1637 749 1701 seruatis
785 1641 909 1720 patrum
942 1637 1120 1702 constitutis
1152 1655 1206 1719 pro

88 1742 266 1825 integritate
289 1741 438 1805 eeclesiae
461 1761 519 1805 non
543 1745 677 1825 negare'.
748 1743 775 1806 si
803 1742 913 1806 dixerit
933 1743 1099 1823 imperator
1120 1741 1258 1806 ‘bene18

88 1848 166 1933 ista;
199 1846 349 1929 suscipite
381 1847 494 1911 iterum
525 1851 648 1911 nostrae
676 1847 814 1912 ciuitatis
842 1849 1061 1930 episcopum!',
1093 1848 1206 1912 iterum

38 1975 68 2016 ne
86 1973 200 2035 preces
216 1953 375 2036 adino-gite
398 1953 560 2017 humiliter
591 1954 728 2017 dieentes
751 1953 882 2018 ‘domiue
904 1954 1080 2036 imperator,
1098 1973 1206 2036 pacem

82 2056 231 2124 uenimus
255 2079 326 2124 cum
351 2059 400 2122 dei
419 2059 570 2124 adiutorio
589 2059 908 2124 uobisauninentibus
928 2064 960 2125 et
976 2060 1206 2147 praestantibus

28 2189 30 2191 ’
86 2165 186 2230 166666
218 2168 250 2229 61
280 2165 485 2230 intentionem
516 2166 617 2248 sopire
649 2167 680 2229 in
713 2167 840 2230 ciuitate
868 2169 983 2230 uestra.
1020 2165 1057 2230 16
1085 2165 1205 2230 166166

84 2273 136 2333 661
166 2271 307 2353 personis
338 2271 488 2335 intentio:
524 2271 586 2335 ista
622 2290 715 2335 causa
749 2271 907 2356 proprium
945 2291 1070 2336 cursum
1101 2272 1205 2335 habet.

88 2376 273 2458 generalitas
293 2377 509 2460 episcoporum
528 2377 672 2459 primitus
693 2378 857 2453 ordinetur,
876 2376 1204 2449 16166666666616
1266 2432 1268 2435 ,
1365 2377 1366 2380 ’

42 2481 252 2556 6661161166,
282 2484 314 2545 et
341 2483 482 2563 sequenti
503 2482 573 2547 loco
597 2481 634 2546 16
656 2484 727 2547 16116
750 2484 802 2547 661
825 2484 852 2548 61
875 2484 929 2566 qui
951 2488 1025 2548 6661
1047 2485 1100 2551 alii
1122 2488 1206 2548 extra

88 2585 236 2650 ecclesias
269 2606 341 2651 suas
373 2591 449 2651 1666
481 2587 661 2672 diligentius
693 2592 797 2671 potest
828 2603 920 2654 causa
953 2590 1118 2674 cognosei’.
1177 2590 1254 2655 6119

87 2690 198 2755 dixerit
227 2691 394 2774 imperator
416 2691 464 2755 ‘de
486 2692 668 2756 Macedonio
692 2693 805 2771 dicitis,
828 2694 976 2778 intellego
1000 2695 1204 2759 subtilitatem

86 2799 240 2861 uestram:
257 2797 430 2862 haereticus
445 2802 508 2874 est3
522 2799 607 2861 nulla
621 2800 738 2863 ratione
752 2799 890 2864 reuocari
901 2791 1024 2883 potest’,
1036 2800 1204 2883 respondes

83 2904 164 2994 '‘uos,
192 2903 303 2967 domne
334 2904 510 2986 imperator,
542 2906 664 2968 nullum
695 2905 898 2987 personaliter
932 2906 1137 2984 uindicamus,
1174 2914 1205 2969 61

36 3009 116 3077 6661
143 3009 244 3090 pietas
272 3013 377 3073 uestra
405 3009 713 3094 6666116661166616
741 3030 795 3092 pro
822 3008 925 3075 anima
951 3014 1056 3076 uestra
1083 3015 1114 3075 61
1140 3011 1204 3092 661-

87 3115 178 3178 61666
201 3115 367 3196 loquimur,
391 3119 428 3178 ut
450 3116 492 3180 sit
514 3117 668 3181 discussio
692 3119 733 3192 61,
757 3116 785 3180 61
807 3115 982 3181 1666611666
1005 3121 1063 3194 661,
1089 3118 1203 3182 1611616

87 3224 294 3305 cognoscatur
326 3224 357 3284 61
388 3240 447 3286 666
481 3221 539 3285 661
573 3221 716 3304 66161666
748 3220 908 3287 orthodoxi
938 3223 1053 3288 iniuste
1084 3223 1205 3287 dicatur

87 3329 277 3407 oppressus’.
345 3326 371 3390 si
400 3326 509 3390 dixerit
535 3327 701 3409 imperator
726 3327 813 3409 ‘quid
838 3327 947 3405 uultis,
970 3328 1062 3393 modo
1094 3328 1254 3395 dicitel20

82 3431 125 3495 de
154 3431 269 3512 synodo
294 3431 517 3497 Calcedonensi
539 3426 648 3496 dicetis
672 3433 763 3497 etde
788 3433 928 3515 661616116
950 3453 1047 3516 66666
1068 3434 1203 3499 Leonis?

39 3566 67 3608 ³0
88 3555 160 3600 6666
189 3536 242 3616 qui
270 3539 319 3602 661
344 3537 483 3602 616116116
512 3538 686 3620 661666666,
719 3537 758 3602 61
788 3539 850 3609 1616
877 3540 1049 3618 6666616111,
1080 3559 1203 3623 respon-

87 3642 222 3706 dendum
255 3645 304 3707 est
335 3644 372 3707 ‘si
402 3643 464 3707 ista
495 3643 642 3722 custodit,
673 3644 704 3707 iu
737 3645 959 3709 examinatione
986 3665 1096 3710 666666
1132 3666 1203 3711 eum

121 3901 259 3954 lumitate
281 3901 312 3963 V,
331 3916 399 3955 corr.
418 3921 431 3972 ρ
448 3899 518 3956 Bar.
580 3902 685 3956 866116
707 3902 734 3957 V
800 3907 830 3957 61
850 3904 886 3958 V:
903 3907 934 3957 61
955 3904 1032 3958 11161
1092 3907 1203 3976 96666-

84 3993 177 4041 rentur
191 3988 221 4039 0²
243 3988 320 4042 Tlc'el
387 3989 419 4043 10
438 3994 632 4059 cognoscuntur
647 3991 758 4058 aercpsa':
774 3993 967 4060 cognoscantur
988 3992 1015 4044 V
1065 3993 1095 4046 ll
1116 4010 1202 4047 acom-

84 4075 193 4128 modare
215 4077 241 4128 V
292 4077 325 4129 14
343 4077 470 4146 suscipite
488 4079 593 4132 interim
611 4079 680 4132 Bar.
726 4081 757 4133 19
776 4079 897 4148 primitus
916 4078 957 4132 bis
978 4079 1005 4134 V
1046 4082 1202 4136 226666116-

84 4163 166 4216 donio
189 4164 215 4215 V
264 4165 300 4218 24
316 4164 463 4218 iudicamus
485 4165 548 4219 Cau
600 4166 635 4221 30
648 4167 757 4220 (161166)
768 4167 885 4221 ciuitatis
903 4167 971 4222 Bar.
