<?xml version="1.0" encoding="UTF-8"?>
<!DOCTYPE html PUBLIC "-//W3C//DTD XHTML 1.0 Transitional//EN"
    "http://www.w3.org/TR/xhtml1/DTD/xhtml1-transitional.dtd">
<html xmlns="http://www.w3.org/1999/xhtml" xml:lang="en" lang="en">
 <head>
  <title>
</title>
<meta http-equiv="Content-Type" content="text/html;charset=utf-8" />
  <meta name='ocr-system' content='tesseract 3.04.00' />
  <meta name='ocr-capabilities' content='ocr_page ocr_carea ocr_par ocr_line ocrx_word'/>
</head>
<body>
  <div class='ocr_page' id='page_1' title='image "./epistulaeimpera00gngoog_0298.png"; bbox 0 0 2894 4634; ppageno 0'>
   <div class='ocr_carea' id='block_1_1' title="bbox 573 296 1199 370">
    <p class='ocr_par' dir='ltr' id='par_1_1' title="bbox 573 296 1199 370">
     <span class='ocr_line' id='line_1_1' title="bbox 573 296 1199 370; baseline -0.002 -19"><span class='ocrx_word' id='word_1_1' title='bbox 573 297 587 351; x_wconf 91' lang='lat'><em>1</em></span> <span class='ocrx_word' id='word_1_2' title='bbox 607 296 717 354; x_wconf 83' lang='lat'>17-23.</span> <span class='ocrx_word' id='word_1_3' title='bbox 1139 304 1199 370; x_wconf 85' lang='lat'><strong>781</strong></span> 
     </span>
    </p>
   </div>
   <div class='ocr_carea' id='block_1_2' title="bbox 10 491 1257 3220">
    <p class='ocr_par' dir='ltr' id='par_1_2' title="bbox 10 491 1257 3220">
     <span class='ocr_line' id='line_1_2' title="bbox 89 491 1202 579; baseline 0.004 -22"><span class='ocrx_word' id='word_1_4' title='bbox 89 496 117 557; x_wconf 89' lang='lat' dir='ltr'><strong>et</strong></span> <span class='ocrx_word' id='word_1_5' title='bbox 135 493 264 574; x_wconf 83' lang='lat' dir='ltr'>impiam</span> <span class='ocrx_word' id='word_1_6' title='bbox 288 491 441 574; x_wconf 78' lang='lat' dir='ltr'><strong>synodum</strong></span> <span class='ocrx_word' id='word_1_7' title='bbox 463 511 524 556; x_wconf 96' lang='lat' dir='ltr'><strong>non</strong></span> <span class='ocrx_word' id='word_1_8' title='bbox 544 492 762 557; x_wconf 88' lang='lat' dir='ltr'><strong>consentiendo</strong></span> <span class='ocrx_word' id='word_1_9' title='bbox 782 493 849 559; x_wconf 90' lang='lat' dir='ltr'><strong>sola</strong></span> <span class='ocrx_word' id='word_1_10' title='bbox 867 493 1028 558; x_wconf 91' lang='lat' dir='ltr'><strong>submouit</strong></span> <span class='ocrx_word' id='word_1_11' title='bbox 1046 499 1077 559; x_wconf 91' lang='lat' dir='ltr'><strong>et</strong></span> <span class='ocrx_word' id='word_1_12' title='bbox 1097 501 1202 579; x_wconf 76' lang='lat' dir='ltr'><strong>(pro)</strong></span> 
     </span>
     <span class='ocr_line' id='line_1_3' title="bbox 88 596 1257 680; baseline 0.009 -18"><span class='ocrx_word' id='word_1_13' title='bbox 88 599 214 664; x_wconf 87' lang='lat' dir='ltr'><strong>ueritate</strong></span> <span class='ocrx_word' id='word_1_14' title='bbox 245 601 281 663; x_wconf 94' lang='lat' dir='ltr'><strong>ut</strong></span> <span class='ocrx_word' id='word_1_15' title='bbox 313 598 450 680; x_wconf 81' lang='lat' dir='ltr'>synodus</span> <span class='ocrx_word' id='word_1_16' title='bbox 484 596 746 664; x_wconf 78' lang='lat' dir='ltr'><strong>Calchedonensis</strong></span> <span class='ocrx_word' id='word_1_17' title='bbox 778 598 866 664; x_wconf 88' lang='lat' dir='ltr'><strong>lieret</strong></span> <span class='ocrx_word' id='word_1_18' title='bbox 896 599 962 663; x_wconf 90' lang='lat' dir='ltr'><strong>sola</strong></span> <span class='ocrx_word' id='word_1_19' title='bbox 994 599 1142 667; x_wconf 86' lang='lat' dir='ltr'><strong>decreuit.</strong></span> <span class='ocrx_word' id='word_1_20' title='bbox 1169 602 1200 666; x_wconf 93' lang='lat' dir='ltr'><strong>in</strong></span> <span class='ocrx_word' id='word_1_21' title='bbox 1212 609 1257 673; x_wconf 82' lang='grc'><strong>20</strong></span> 
     </span>
     <span class='ocr_line' id='line_1_4' title="bbox 88 704 1203 789; baseline 0.002 -19"><span class='ocrx_word' id='word_1_22' title='bbox 88 724 144 787; x_wconf 88' lang='lat' dir='ltr'><strong>qua</strong></span> <span class='ocrx_word' id='word_1_23' title='bbox 169 709 207 770; x_wconf 91' lang='lat' dir='ltr'><strong>nt</strong></span> <span class='ocrx_word' id='word_1_24' title='bbox 233 723 307 789; x_wconf 87' lang='lat' dir='ltr'><strong>ergo</strong></span> <span class='ocrx_word' id='word_1_25' title='bbox 336 704 405 769; x_wconf 90' lang='lat' dir='ltr'><strong>sola</strong></span> <span class='ocrx_word' id='word_1_26' title='bbox 430 704 480 768; x_wconf 91' lang='lat' dir='ltr'><strong>ius</strong></span> <span class='ocrx_word' id='word_1_27' title='bbox 507 704 619 768; x_wconf 89' lang='lat' dir='ltr'><strong>habuit</strong></span> <span class='ocrx_word' id='word_1_28' title='bbox 646 704 829 769; x_wconf 87' lang='lat' dir='ltr'><strong>absoluendi</strong></span> <span class='ocrx_word' id='word_1_29' title='bbox 856 724 919 783; x_wconf 88' lang='lat' dir='ltr'><strong>eos,</strong></span> <span class='ocrx_word' id='word_1_30' title='bbox 949 725 1026 787; x_wconf 90' lang='lat' dir='ltr'><strong>quos</strong></span> <span class='ocrx_word' id='word_1_31' title='bbox 1055 707 1203 789; x_wconf 77' lang='lat' dir='ltr'><strong>synodica</strong></span> 
     </span>
     <span class='ocr_line' id='line_1_5' title="bbox 87 808 1206 894; baseline 0.002 -20"><span class='ocrx_word' id='word_1_32' title='bbox 87 809 207 876; x_wconf 89' lang='lat' dir='ltr'><strong>decreta</strong></span> <span class='ocrx_word' id='word_1_33' title='bbox 241 808 448 892; x_wconf 76' lang='lat' dir='ltr'>perculerant,</span> <span class='ocrx_word' id='word_1_34' title='bbox 486 810 532 874; x_wconf 89' lang='lat' dir='ltr'><strong>sic</strong></span> <span class='ocrx_word' id='word_1_35' title='bbox 568 810 662 874; x_wconf 89' lang='lat' dir='ltr'><strong>etiam</strong></span> <span class='ocrx_word' id='word_1_36' title='bbox 693 810 758 875; x_wconf 89' lang='lat' dir='ltr'><strong>sine</strong></span> <span class='ocrx_word' id='word_1_37' title='bbox 790 811 907 894; x_wconf 72' lang='lat' dir='ltr'><strong>synodo</strong></span> <span class='ocrx_word' id='word_1_38' title='bbox 939 812 970 875; x_wconf 93' lang='lat' dir='ltr'><strong>in</strong></span> <span class='ocrx_word' id='word_1_39' title='bbox 1003 813 1060 876; x_wconf 92' lang='lat' dir='ltr'><strong>hac</strong></span> <span class='ocrx_word' id='word_1_40' title='bbox 1093 812 1206 877; x_wconf 90' lang='lat' dir='ltr'><strong>eadem</strong></span> 
     </span>
     <span class='ocr_line' id='line_1_6' title="bbox 29 916 1200 1001; baseline 0.007 -27"><span class='ocrx_word' id='word_1_41' title='bbox 29 935 59 974; x_wconf 85' lang='lat'><strong>5</strong></span> <span class='ocrx_word' id='word_1_42' title='bbox 88 935 177 981; x_wconf 89' lang='lat' dir='ltr'><strong>causa</strong></span> <span class='ocrx_word' id='word_1_43' title='bbox 203 916 356 998; x_wconf 89' lang='lat' dir='ltr'><strong>plurimos</strong></span> <span class='ocrx_word' id='word_1_44' title='bbox 384 916 479 980; x_wconf 91' lang='lat' dir='ltr'><strong>etiam</strong></span> <span class='ocrx_word' id='word_1_45' title='bbox 510 916 766 998; x_wconf 88' lang='lat' dir='ltr'><strong>metropolitanos</strong></span> <span class='ocrx_word' id='word_1_46' title='bbox 799 917 960 982; x_wconf 90' lang='lat' dir='ltr'><strong>damnasse</strong></span> <span class='ocrx_word' id='word_1_47' title='bbox 992 919 1200 1001; x_wconf 80' lang='lat' dir='ltr'><strong>cognoscitur.</strong></span> 
     </span>
     <span class='ocr_line' id='line_1_7' title="bbox 87 1021 1251 1107; baseline 0.002 -21"><span class='ocrx_word' id='word_1_48' title='bbox 87 1022 212 1102; x_wconf 87' lang='lat' dir='ltr'><strong>quodsi</strong></span> <span class='ocrx_word' id='word_1_49' title='bbox 234 1021 305 1105; x_wconf 88' lang='lat' dir='ltr'><strong>quis</strong></span> <span class='ocrx_word' id='word_1_50' title='bbox 328 1022 405 1085; x_wconf 91' lang='lat' dir='ltr'><strong>haec</strong></span> <span class='ocrx_word' id='word_1_51' title='bbox 425 1021 462 1086; x_wconf 89' lang='lat' dir='ltr'><strong>ab</strong></span> <span class='ocrx_word' id='word_1_52' title='bbox 487 1021 658 1103; x_wconf 89' lang='lat' dir='ltr'><strong>apostolica</strong></span> <span class='ocrx_word' id='word_1_53' title='bbox 681 1022 753 1086; x_wconf 90' lang='lat' dir='ltr'><strong>sede</strong></span> <span class='ocrx_word' id='word_1_54' title='bbox 776 1024 829 1086; x_wconf 90' lang='lat' dir='ltr'><strong>uel</strong></span> <span class='ocrx_word' id='word_1_55' title='bbox 851 1023 1023 1094; x_wconf 83' lang='lat' dir='ltr'><strong>secundum</strong></span> <span class='ocrx_word' id='word_1_56' title='bbox 1048 1024 1251 1107; x_wconf 83' lang='lat' dir='ltr'><strong>synodum21</strong></span> 
     </span>
     <span class='ocr_line' id='line_1_8' title="bbox 88 1126 1201 1213; baseline 0.002 -22"><span class='ocrx_word' id='word_1_57' title='bbox 88 1131 151 1192; x_wconf 86' lang='lat' dir='ltr'><strong>aeta</strong></span> <span class='ocrx_word' id='word_1_58' title='bbox 176 1127 386 1212; x_wconf 74' lang='lat' dir='ltr'><strong>reprehendit,</strong></span> <span class='ocrx_word' id='word_1_59' title='bbox 415 1130 535 1210; x_wconf 89' lang='lat' dir='ltr'><strong>praeter</strong></span> <span class='ocrx_word' id='word_1_60' title='bbox 563 1126 646 1210; x_wconf 86' lang='lat' dir='ltr'><strong>quod</strong></span> <span class='ocrx_word' id='word_1_61' title='bbox 672 1128 774 1211; x_wconf 90' lang='lat' dir='ltr'><strong>prisca</strong></span> <span class='ocrx_word' id='word_1_62' title='bbox 800 1147 903 1193; x_wconf 89' lang='lat' dir='ltr'><strong>rerum</strong></span> <span class='ocrx_word' id='word_1_63' title='bbox 926 1129 1108 1213; x_wconf 82' lang='lat' dir='ltr'><strong>probatione</strong></span> <span class='ocrx_word' id='word_1_64' title='bbox 1132 1149 1201 1195; x_wconf 93' lang='lat' dir='ltr'><strong>con-</strong></span> 
     </span>
     <span class='ocr_line' id='line_1_9' title="bbox 88 1232 1201 1317; baseline 0.003 -22"><span class='ocrx_word' id='word_1_65' title='bbox 88 1232 228 1312; x_wconf 89' lang='lat' dir='ltr'><strong>uincitur,</strong></span> <span class='ocrx_word' id='word_1_66' title='bbox 256 1233 381 1298; x_wconf 76' lang='lat' dir='ltr'><strong>interim</strong></span> <span class='ocrx_word' id='word_1_67' title='bbox 408 1234 509 1299; x_wconf 91' lang='lat' dir='ltr'><strong>multo</strong></span> <span class='ocrx_word' id='word_1_68' title='bbox 537 1233 638 1317; x_wconf 86' lang='lat' dir='ltr'><strong>magis</strong></span> <span class='ocrx_word' id='word_1_69' title='bbox 665 1233 781 1299; x_wconf 86' lang='lat' dir='ltr'><strong>Acacio</strong></span> <span class='ocrx_word' id='word_1_70' title='bbox 808 1254 868 1300; x_wconf 92' lang='lat' dir='ltr'><strong>non</strong></span> <span class='ocrx_word' id='word_1_71' title='bbox 890 1233 1019 1300; x_wconf 89' lang='lat' dir='ltr'><strong>licuisse</strong></span> <span class='ocrx_word' id='word_1_72' title='bbox 1042 1234 1201 1300; x_wconf 88' lang='lat' dir='ltr'><strong>fatebitur.</strong></span> 
     </span>
     <span class='ocr_line' id='line_1_10' title="bbox 90 1336 1201 1425; baseline 0.005 -25"><span class='ocrx_word' id='word_1_73' title='bbox 90 1336 165 1404; x_wconf 90' lang='lat' dir='ltr'><strong>dicat</strong></span> <span class='ocrx_word' id='word_1_74' title='bbox 187 1359 272 1425; x_wconf 88' lang='lat' dir='ltr'><strong>ergo,</strong></span> <span class='ocrx_word' id='word_1_75' title='bbox 296 1359 358 1422; x_wconf 89' lang='lat' dir='ltr'><strong>qua</strong></span> <span class='ocrx_word' id='word_1_76' title='bbox 375 1339 442 1422; x_wconf 92' lang='lat' dir='ltr'><strong>ipse</strong></span> <span class='ocrx_word' id='word_1_77' title='bbox 462 1339 579 1423; x_wconf 83' lang='lat' dir='ltr'><strong>synodo</strong></span> <span class='ocrx_word' id='word_1_78' title='bbox 598 1340 750 1405; x_wconf 86' lang='lat' dir='ltr'><strong>secundae</strong></span> <span class='ocrx_word' id='word_1_79' title='bbox 769 1340 853 1406; x_wconf 88' lang='lat' dir='ltr'><strong>sedis</strong></span> <span class='ocrx_word' id='word_1_80' title='bbox 872 1340 1045 1406; x_wconf 80' lang='lat' dir='ltr'><strong>antistitem</strong></span> <span class='ocrx_word' id='word_1_81' title='bbox 1065 1341 1201 1424; x_wconf 86' lang='lat' dir='ltr'><strong>qualem·</strong></span> 
     </span>
     <span class='ocr_line' id='line_1_11' title="bbox 16 1446 1201 1530; baseline 0.003 -22"><span class='ocrx_word' id='word_1_82' title='bbox 16 1458 74 1496; x_wconf 71' lang='grc' dir='ltr'><strong>·ιο</strong></span> <span class='ocrx_word' id='word_1_83' title='bbox 91 1461 225 1530; x_wconf 89' lang='lat' dir='ltr'><strong>cumque,</strong></span> <span class='ocrx_word' id='word_1_84' title='bbox 253 1450 337 1512; x_wconf 88' lang='lat' dir='ltr'><strong>certe</strong></span> <span class='ocrx_word' id='word_1_85' title='bbox 364 1446 555 1511; x_wconf 87' lang='lat' dir='ltr'><strong>catholicum</strong></span> <span class='ocrx_word' id='word_1_86' title='bbox 582 1450 613 1511; x_wconf 93' lang='lat' dir='ltr'><strong>et</strong></span> <span class='ocrx_word' id='word_1_87' title='bbox 640 1465 658 1510; x_wconf 91' lang='lat' dir='ltr'><strong>a</strong></span> <span class='ocrx_word' id='word_1_88' title='bbox 685 1447 848 1511; x_wconf 88' lang='lat' dir='ltr'><strong>catholicis</strong></span> <span class='ocrx_word' id='word_1_89' title='bbox 877 1447 1050 1512; x_wconf 88' lang='lat' dir='ltr'><strong>ordinatum</strong></span> <span class='ocrx_word' id='word_1_90' title='bbox 1079 1466 1137 1516; x_wconf 88' lang='lat' dir='ltr'><strong>nec</strong></span> <span class='ocrx_word' id='word_1_91' title='bbox 1164 1447 1201 1512; x_wconf 92' lang='lat' dir='ltr'><strong>de</strong></span> 
     </span>
     <span class='ocr_line' id='line_1_12' title="bbox 91 1551 1203 1636; baseline 0.005 -24"><span class='ocrx_word' id='word_1_92' title='bbox 91 1552 236 1617; x_wconf 88' lang='lat' dir='ltr'><strong>catholica</strong></span> <span class='ocrx_word' id='word_1_93' title='bbox 262 1551 322 1616; x_wconf 88' lang='lat' dir='ltr'><strong>fide</strong></span> <span class='ocrx_word' id='word_1_94' title='bbox 351 1555 383 1616; x_wconf 91' lang='lat' dir='ltr'><strong>et</strong></span> <span class='ocrx_word' id='word_1_95' title='bbox 411 1552 626 1618; x_wconf 83' lang='lat' dir='ltr'><strong>communione</strong></span> <span class='ocrx_word' id='word_1_96' title='bbox 655 1552 851 1636; x_wconf 88' lang='lat' dir='ltr'><strong>aliquatenus</strong></span> <span class='ocrx_word' id='word_1_97' title='bbox 881 1553 1050 1636; x_wconf 89' lang='lat' dir='ltr'><strong>inpetitum</strong></span> <span class='ocrx_word' id='word_1_98' title='bbox 1081 1552 1203 1618; x_wconf 81' lang='lat' dir='ltr'><strong>duxerit</strong></span> 
     </span>
     <span class='ocr_line' id='line_1_13' title="bbox 89 1657 1200 1741; baseline 0.005 -22"><span class='ocrx_word' id='word_1_99' title='bbox 89 1658 307 1723; x_wconf 82' lang='lat' dir='ltr'><strong>excludendum</strong></span> <span class='ocrx_word' id='word_1_100' title='bbox 335 1660 367 1721; x_wconf 90' lang='lat' dir='ltr'><strong>et</strong></span> <span class='ocrx_word' id='word_1_101' title='bbox 393 1657 585 1723; x_wconf 86' lang='lat' dir='ltr'><strong>haereticum</strong></span> <span class='ocrx_word' id='word_1_102' title='bbox 611 1659 810 1724; x_wconf 84' lang='lat' dir='ltr'><strong>manifestum</strong></span> <span class='ocrx_word' id='word_1_103' title='bbox 837 1659 965 1723; x_wconf 88' lang='lat' dir='ltr'><strong>Petrum</strong></span> <span class='ocrx_word' id='word_1_104' title='bbox 993 1677 1050 1723; x_wconf 88' lang='lat' dir='ltr'><strong>sua</strong></span> <span class='ocrx_word' id='word_1_105' title='bbox 1077 1677 1200 1741; x_wconf 89' lang='lat' dir='ltr'><strong>quoque</strong></span> 
     </span>
     <span class='ocr_line' id='line_1_14' title="bbox 85 1762 1199 1847; baseline 0.004 -23"><span class='ocrx_word' id='word_1_106' title='bbox 85 1764 262 1829; x_wconf 83' lang='lat' dir='ltr'><strong>executione</strong></span> <span class='ocrx_word' id='word_1_107' title='bbox 292 1762 472 1827; x_wconf 89' lang='lat' dir='ltr'><strong>damnatum</strong></span> <span class='ocrx_word' id='word_1_108' title='bbox 494 1763 633 1846; x_wconf 89' lang='lat' dir='ltr'><strong>pontifici</strong></span> <span class='ocrx_word' id='word_1_109' title='bbox 657 1764 809 1829; x_wconf 87' lang='lat' dir='ltr'><strong>catholico</strong></span> <span class='ocrx_word' id='word_1_110' title='bbox 832 1763 1008 1845; x_wconf 85' lang='lat' dir='ltr'><strong>permiserit</strong></span> <span class='ocrx_word' id='word_1_111' title='bbox 1028 1763 1199 1847; x_wconf 86' lang='lat' dir='ltr'><strong>subrogari.</strong></span> 
     </span>
     <span class='ocr_line' id='line_1_15' title="bbox 80 1868 1254 1953; baseline 0.004 -22"><span class='ocrx_word' id='word_1_112' title='bbox 80 1884 145 1947; x_wconf 89' lang='lat' dir='ltr'><strong>qua</strong></span> <span class='ocrx_word' id='word_1_113' title='bbox 177 1869 295 1953; x_wconf 88' lang='lat' dir='ltr'><strong>synodo</strong></span> <span class='ocrx_word' id='word_1_114' title='bbox 330 1869 441 1934; x_wconf 89' lang='lat' dir='ltr'><strong>tertiae</strong></span> <span class='ocrx_word' id='word_1_115' title='bbox 478 1869 560 1934; x_wconf 87' lang='lat' dir='ltr'><strong>sedis</strong></span> <span class='ocrx_word' id='word_1_116' title='bbox 594 1870 774 1952; x_wconf 90' lang='lat' dir='ltr'><strong>episcopum</strong></span> <span class='ocrx_word' id='word_1_117' title='bbox 807 1872 949 1934; x_wconf 89' lang='lat' dir='ltr'><strong>sanctum</strong></span> <span class='ocrx_word' id='word_1_118' title='bbox 981 1868 1199 1952; x_wconf 76' lang='lat' dir='ltr'><strong>Calendionem</strong></span> <span class='ocrx_word' id='word_1_119' title='bbox 1211 1874 1254 1936; x_wconf 91' lang='grc'><strong>22</strong></span> 
     </span>
     <span class='ocr_line' id='line_1_16' title="bbox 44 1970 1199 2058; baseline 0.005 -26"><span class='ocrx_word' id='word_1_120' title='bbox 44 1977 62 2018; x_wconf 73' lang='lat'><strong>¹⁶</strong></span> <span class='ocrx_word' id='word_1_121' title='bbox 75 1970 160 2038; x_wconf 83' lang='lat' dir='ltr'><strong>fecit</strong></span> <span class='ocrx_word' id='word_1_122' title='bbox 189 1974 301 2058; x_wconf 85' lang='lat' dir='ltr'><strong>expelli</strong></span> <span class='ocrx_word' id='word_1_123' title='bbox 333 1994 368 2039; x_wconf 90' lang='lat' dir='ltr'><strong>ac</strong></span> <span class='ocrx_word' id='word_1_124' title='bbox 399 1975 601 2040; x_wconf 92' lang='lat' dir='ltr'><strong>nihilominus</strong></span> <span class='ocrx_word' id='word_1_125' title='bbox 634 1976 735 2040; x_wconf 90' lang='lat' dir='ltr'><strong>eidem</strong></span> <span class='ocrx_word' id='word_1_126' title='bbox 761 1975 890 2040; x_wconf 88' lang='lat' dir='ltr'><strong>Petrum</strong></span> <span class='ocrx_word' id='word_1_127' title='bbox 917 1978 982 2051; x_wconf 86' lang='lat' dir='ltr'><strong>tam</strong></span> <span class='ocrx_word' id='word_1_128' title='bbox 1009 1975 1199 2040; x_wconf 86' lang='lat' dir='ltr'><strong>haereticum</strong></span> 
     </span>
     <span class='ocr_line' id='line_1_17' title="bbox 68 2080 1200 2164; baseline 0.004 -25"><span class='ocrx_word' id='word_1_129' title='bbox 68 2080 292 2160; x_wconf 85' lang='lat' dir='ltr'><strong>menifestum,</strong></span> <span class='ocrx_word' id='word_1_130' title='bbox 311 2084 348 2145; x_wconf 95' lang='lat' dir='ltr'><strong>ut</strong></span> <span class='ocrx_word' id='word_1_131' title='bbox 366 2081 466 2145; x_wconf 91' lang='lat' dir='ltr'><strong>eidem</strong></span> <span class='ocrx_word' id='word_1_132' title='bbox 485 2082 588 2164; x_wconf 90' lang='lat' dir='ltr'><strong>palam</strong></span> <span class='ocrx_word' id='word_1_133' title='bbox 605 2101 661 2146; x_wconf 86' lang='lat' dir='ltr'><strong>neo</strong></span> <span class='ocrx_word' id='word_1_134' title='bbox 681 2101 714 2146; x_wconf 91' lang='grc'><strong>99</strong></span> <span class='ocrx_word' id='word_1_135' title='bbox 734 2080 962 2146; x_wconf 89' lang='lat' dir='ltr'><strong>communicare</strong></span> <span class='ocrx_word' id='word_1_136' title='bbox 975 2080 1200 2163; x_wconf 83' lang='lat' dir='ltr'><strong>praetenderet,</strong></span> 
     </span>
     <span class='ocr_line' id='line_1_18' title="bbox 64 2186 1200 2271; baseline 0.001 -23"><span class='ocrx_word' id='word_1_137' title='bbox 64 2195 143 2249; x_wconf 77' lang='lat' dir='ltr'><strong>Sua</strong></span> <span class='ocrx_word' id='word_1_138' title='bbox 161 2207 273 2270; x_wconf 90' lang='lat' dir='ltr'><strong>passus</strong></span> <span class='ocrx_word' id='word_1_139' title='bbox 297 2189 346 2253; x_wconf 91' lang='lat' dir='ltr'><strong>est</strong></span> <span class='ocrx_word' id='word_1_140' title='bbox 368 2187 571 2271; x_wconf 85' lang='lat' dir='ltr'><strong>dispositione</strong></span> <span class='ocrx_word' id='word_1_141' title='bbox 594 2187 769 2252; x_wconf 75' lang='lat' dir='ltr'><strong>substitui?</strong></span> <span class='ocrx_word' id='word_1_142' title='bbox 794 2207 855 2270; x_wconf 88' lang='lat' dir='ltr'><strong>qua</strong></span> <span class='ocrx_word' id='word_1_143' title='bbox 878 2186 1011 2267; x_wconf 88' lang='lat' dir='ltr'><strong>denique</strong></span> <span class='ocrx_word' id='word_1_144' title='bbox 1027 2205 1082 2268; x_wconf 90' lang='lat' dir='ltr'><strong>per</strong></span> <span class='ocrx_word' id='word_1_145' title='bbox 1098 2188 1200 2250; x_wconf 91' lang='lat' dir='ltr'><strong>totum</strong></span> 
     </span>
     <span class='ocr_line' id='line_1_19' title="bbox 23 2276 1201 2378; baseline 0.001 -23"><span class='ocrx_word' id='word_1_146' title='bbox 23 2375 25 2378; x_wconf 11' lang='lat' dir='ltr'>y</span> <span class='ocrx_word' id='word_1_147' title='bbox 62 2280 239 2359; x_wconf 75' lang='lat' dir='ltr'><strong>Orientem</strong></span> <span class='ocrx_word' id='word_1_148' title='bbox 267 2294 384 2377; x_wconf 83' lang='lat' dir='ltr'><strong>synodo</strong></span> <span class='ocrx_word' id='word_1_149' title='bbox 413 2293 521 2358; x_wconf 86' lang='lat' dir='ltr'><strong>eiectis</strong></span> <span class='ocrx_word' id='word_1_150' title='bbox 550 2293 728 2358; x_wconf 81' lang='lat' dir='ltr'><strong>orthodoxis</strong></span> <span class='ocrx_word' id='word_1_151' title='bbox 759 2293 845 2357; x_wconf 92' lang='lat' dir='ltr'><strong>nullo</strong></span> <span class='ocrx_word' id='word_1_152' title='bbox 878 2276 1004 2356; x_wconf 87' lang='lat' dir='ltr'><strong>crimine</strong></span> <span class='ocrx_word' id='word_1_153' title='bbox 1035 2291 1201 2356; x_wconf 89' lang='lat' dir='ltr'><strong>maculatis</strong></span> 
     </span>
     <span class='ocr_line' id='line_1_20' title="bbox 57 2396 1201 2482; baseline -0.003 -18"><span class='ocrx_word' id='word_1_154' title='bbox 57 2401 193 2466; x_wconf 80' lang='lat' dir='ltr'><strong>Prauos</strong></span> <span class='ocrx_word' id='word_1_155' title='bbox 222 2419 362 2482; x_wconf 90' lang='lat' dir='ltr'><strong>quosque</strong></span> <span class='ocrx_word' id='word_1_156' title='bbox 389 2401 421 2463; x_wconf 90' lang='lat' dir='ltr'><strong>et</strong></span> <span class='ocrx_word' id='word_1_157' title='bbox 448 2398 629 2463; x_wconf 87' lang='lat' dir='ltr'><strong>criminibus</strong></span> <span class='ocrx_word' id='word_1_158' title='bbox 656 2399 817 2464; x_wconf 89' lang='lat' dir='ltr'><strong>inuolutos</strong></span> <span class='ocrx_word' id='word_1_159' title='bbox 846 2416 902 2461; x_wconf 90' lang='lat' dir='ltr'><strong>sua</strong></span> <span class='ocrx_word' id='word_1_160' title='bbox 928 2397 1105 2479; x_wconf 90' lang='lat' dir='ltr'><strong>prouisione</strong></span> <span class='ocrx_word' id='word_1_161' title='bbox 1129 2396 1201 2461; x_wconf 91' lang='lat' dir='ltr'><strong>sub-</strong></span> 
     </span>
     <span class='ocr_line' id='line_1_21' title="bbox 14 2499 1202 2589; baseline -0.003 -21"><span class='ocrx_word' id='word_1_162' title='bbox 14 2499 39 2538; x_wconf 76' lang='lat'><strong>²⁰</strong></span> <span class='ocrx_word' id='word_1_163' title='bbox 56 2504 209 2571; x_wconf 76' lang='lat' dir='ltr'><strong>Posuit?</strong></span> <span class='ocrx_word' id='word_1_164' title='bbox 237 2525 299 2589; x_wconf 89' lang='lat' dir='ltr'><strong>qua</strong></span> <span class='ocrx_word' id='word_1_165' title='bbox 326 2505 443 2589; x_wconf 83' lang='lat' dir='ltr'><strong>synodo</strong></span> <span class='ocrx_word' id='word_1_166' title='bbox 474 2507 523 2569; x_wconf 89' lang='lat' dir='ltr'><strong>tot</strong></span> <span class='ocrx_word' id='word_1_167' title='bbox 550 2504 649 2568; x_wconf 89' lang='lat' dir='ltr'><strong>aliena</strong></span> <span class='ocrx_word' id='word_1_168' title='bbox 676 2503 842 2586; x_wconf 87' lang='lat' dir='ltr'><strong>priuilegia</strong></span> <span class='ocrx_word' id='word_1_169' title='bbox 863 2502 1014 2566; x_wconf 87' lang='lat' dir='ltr'><strong>nefandus</strong></span> <span class='ocrx_word' id='word_1_170' title='bbox 1036 2501 1202 2585; x_wconf 89' lang='lat' dir='ltr'><strong>populator</strong></span> 
     </span>
     <span class='ocr_line' id='line_1_22' title="bbox 54 2589 1200 2693; baseline -0.003 -21"><span class='ocrx_word' id='word_1_171' title='bbox 54 2589 253 2677; x_wconf 77' lang='lat' dir='ltr'><strong>illuaserit?</strong></span> <span class='ocrx_word' id='word_1_172' title='bbox 277 2611 333 2676; x_wconf 91' lang='lat' dir='ltr'><strong>sed</strong></span> <span class='ocrx_word' id='word_1_173' title='bbox 353 2611 427 2675; x_wconf 88' lang='lat' dir='ltr'><strong>libri</strong></span> <span class='ocrx_word' id='word_1_174' title='bbox 450 2630 509 2674; x_wconf 92' lang='lat' dir='ltr'><strong>non</strong></span> <span class='ocrx_word' id='word_1_175' title='bbox 533 2609 699 2688; x_wconf 87' lang='lat' dir='ltr'><strong>sufficient,</strong></span> <span class='ocrx_word' id='word_1_176' title='bbox 724 2610 750 2673; x_wconf 91' lang='lat' dir='ltr'><strong>si</strong></span> <span class='ocrx_word' id='word_1_177' title='bbox 772 2608 949 2693; x_wconf 82' lang='lat' dir='ltr'><strong>tragoedias</strong></span> <span class='ocrx_word' id='word_1_178' title='bbox 963 2608 1040 2685; x_wconf 87' lang='lat' dir='ltr'><strong>eins,</strong></span> <span class='ocrx_word' id='word_1_179' title='bbox 1055 2625 1131 2688; x_wconf 91' lang='lat' dir='ltr'><strong>quas</strong></span> <span class='ocrx_word' id='word_1_180' title='bbox 1145 2625 1200 2688; x_wconf 92' lang='lat' dir='ltr'><strong>per</strong></span> 
     </span>
     <span class='ocr_line' id='line_1_23' title="bbox 57 2711 1200 2799; baseline -0.002 -22"><span class='ocrx_word' id='word_1_181' title='bbox 57 2712 230 2782; x_wconf 62' lang='lat' dir='ltr'><strong>ecclesias</strong></span> <span class='ocrx_word' id='word_1_182' title='bbox 252 2717 352 2782; x_wconf 90' lang='lat' dir='ltr'><strong>totius</strong></span> <span class='ocrx_word' id='word_1_183' title='bbox 376 2715 512 2780; x_wconf 89' lang='lat' dir='ltr'><strong>Orientis</strong></span> <span class='ocrx_word' id='word_1_184' title='bbox 537 2717 682 2793; x_wconf 86' lang='lat' dir='ltr'><strong>exercuit,</strong></span> <span class='ocrx_word' id='word_1_185' title='bbox 707 2714 892 2799; x_wconf 84' lang='lat' dir='ltr'><strong>singillatim</strong></span> <span class='ocrx_word' id='word_1_186' title='bbox 916 2713 1088 2778; x_wconf 90' lang='lat' dir='ltr'><strong>describere</strong></span> <span class='ocrx_word' id='word_1_187' title='bbox 1110 2711 1200 2777; x_wconf 92' lang='lat' dir='ltr'><strong>moli-</strong></span> 
     </span>
     <span class='ocr_line' id='line_1_24' title="bbox 57 2817 1252 2904; baseline 0 -23"><span class='ocrx_word' id='word_1_188' title='bbox 57 2817 179 2887; x_wconf 71' lang='lat' dir='ltr'><strong>alunr.</strong></span> <span class='ocrx_word' id='word_1_189' title='bbox 196 2843 233 2888; x_wconf 90' lang='lat' dir='ltr'><strong>an</strong></span> <span class='ocrx_word' id='word_1_190' title='bbox 247 2822 327 2887; x_wconf 92' lang='lat' dir='ltr'><strong>illud</strong></span> <span class='ocrx_word' id='word_1_191' title='bbox 341 2821 441 2904; x_wconf 90' lang='lat' dir='ltr'><strong>ipsius</strong></span> <span class='ocrx_word' id='word_1_192' title='bbox 456 2825 673 2904; x_wconf 84' lang='lat' dir='ltr'><strong>argumentum</strong></span> <span class='ocrx_word' id='word_1_193' title='bbox 687 2821 776 2885; x_wconf 91' lang='lat' dir='ltr'><strong>nobis</strong></span> <span class='ocrx_word' id='word_1_194' title='bbox 791 2819 958 2884; x_wconf 88' lang='lat' dir='ltr'><strong>aestimant</strong></span> <span class='ocrx_word' id='word_1_195' title='bbox 972 2817 1198 2901; x_wconf 89' lang='lat' dir='ltr'><strong>opponendum,</strong></span> <span class='ocrx_word' id='word_1_196' title='bbox 1210 2818 1252 2882; x_wconf 88' lang='grc'><strong>23</strong></span> 
     </span>
     <span class='ocr_line' id='line_1_25' title="bbox 56 2924 1198 3010; baseline 0 -22"><span class='ocrx_word' id='word_1_197' title='bbox 56 2924 144 2997; x_wconf 72' lang='lat' dir='ltr'><strong>(luo</strong></span> <span class='ocrx_word' id='word_1_198' title='bbox 169 2927 307 2993; x_wconf 89' lang='lat' dir='ltr'><strong>facinora</strong></span> <span class='ocrx_word' id='word_1_199' title='bbox 334 2946 392 2992; x_wconf 88' lang='lat' dir='ltr'><strong>sua</strong></span> <span class='ocrx_word' id='word_1_200' title='bbox 417 2928 448 2990; x_wconf 93' lang='lat' dir='ltr'><strong>in</strong></span> <span class='ocrx_word' id='word_1_201' title='bbox 475 2927 667 3010; x_wconf 89' lang='lat' dir='ltr'><strong>imperialem</strong></span> <span class='ocrx_word' id='word_1_202' title='bbox 693 2927 782 2990; x_wconf 90' lang='lat' dir='ltr'><strong>uisus</strong></span> <span class='ocrx_word' id='word_1_203' title='bbox 808 2931 856 2998; x_wconf 83' lang='lat' dir='ltr'><strong>est</strong></span> <span class='ocrx_word' id='word_1_204' title='bbox 877 2927 991 2990; x_wconf 90' lang='lat' dir='ltr'><strong>iactare</strong></span> <span class='ocrx_word' id='word_1_205' title='bbox 1013 2927 1198 3007; x_wconf 82' lang='lat' dir='ltr'><strong>personam?</strong></span> 
     </span>
     <span class='ocr_line' id='line_1_26' title="bbox 10 3017 1200 3118; baseline -0.001 -23"><span class='ocrx_word' id='word_1_206' title='bbox 10 3017 24 3058; x_wconf 81' lang='lat'>⁵</span> <span class='ocrx_word' id='word_1_207' title='bbox 52 3030 138 3096; x_wconf 62' lang='lat' dir='ltr'><strong>Gur</strong></span> <span class='ocrx_word' id='word_1_208' title='bbox 166 3032 263 3118; x_wconf 88' lang='lat' dir='ltr'><strong>igitur</strong></span> <span class='ocrx_word' id='word_1_209' title='bbox 291 3033 412 3116; x_wconf 89' lang='lat' dir='ltr'><strong>quando</strong></span> <span class='ocrx_word' id='word_1_210' title='bbox 441 3033 543 3098; x_wconf 93' lang='lat' dir='ltr'><strong>uoluit</strong></span> <span class='ocrx_word' id='word_1_211' title='bbox 571 3033 693 3098; x_wconf 89' lang='lat' dir='ltr'><strong>obstitit</strong></span> <span class='ocrx_word' id='word_1_212' title='bbox 720 3032 872 3097; x_wconf 87' lang='lat' dir='ltr'><strong>Basilisco</strong></span> <span class='ocrx_word' id='word_1_213' title='bbox 899 3035 1029 3114; x_wconf 84' lang='lat' dir='ltr'><strong>tyranno</strong></span> <span class='ocrx_word' id='word_1_214' title='bbox 1058 3033 1141 3095; x_wconf 89' lang='lat' dir='ltr'><strong>certe</strong></span> <span class='ocrx_word' id='word_1_215' title='bbox 1168 3033 1200 3094; x_wconf 85' lang='lat' dir='ltr'><strong>et</strong></span> 
     </span>
     <span class='ocr_line' id='line_1_27' title="bbox 47 3110 1198 3220; baseline -0.002 -18"><span class='ocrx_word' id='word_1_216' title='bbox 47 3110 235 3205; x_wconf 75' lang='lat' dir='ltr'><strong>haeretico</strong></span> <span class='ocrx_word' id='word_1_217' title='bbox 267 3140 468 3204; x_wconf 90' lang='lat' dir='ltr'><strong>uehementer</strong></span> <span class='ocrx_word' id='word_1_218' title='bbox 498 3139 636 3204; x_wconf 78' lang='lat' dir='ltr'><strong>infesto?</strong></span> <span class='ocrx_word' id='word_1_219' title='bbox 673 3157 727 3202; x_wconf 90' lang='lat' dir='ltr'><strong>cur</strong></span> <span class='ocrx_word' id='word_1_220' title='bbox 761 3138 824 3220; x_wconf 90' lang='lat' dir='ltr'><strong>ipsi</strong></span> <span class='ocrx_word' id='word_1_221' title='bbox 859 3135 1038 3219; x_wconf 91' lang='lat' dir='ltr'><strong>imperatori</strong></span> <span class='ocrx_word' id='word_1_222' title='bbox 1074 3135 1198 3214; x_wconf 85' lang='lat' dir='ltr'><strong>Zenoni,</strong></span> 
     </span>
    </p>
   </div>
   <div class='ocr_carea' id='block_1_3' title="bbox 47 3305 1203 4248">
    <p class='ocr_par' dir='ltr' id='par_1_3' title="bbox 47 3305 1203 4248">
     <span class='ocr_line' id='line_1_28' title="bbox 119 3305 1200 3381; baseline -0.002 -18"><span class='ocrx_word' id='word_1_223' title='bbox 119 3312 132 3363; x_wconf 91' lang='lat'>1</span> <span class='ocrx_word' id='word_1_224' title='bbox 149 3311 319 3367; x_wconf 86' lang='lat' dir='ltr'><strong>submonebit</strong></span> <span class='ocrx_word' id='word_1_225' title='bbox 337 3311 393 3381; x_wconf 76' lang='lat' dir='ltr'><strong>q¹q²</strong></span> <span class='ocrx_word' id='word_1_226' title='bbox 444 3328 491 3380; x_wconf 88' lang='lat' dir='ltr'><strong>pro</strong></span> <span class='ocrx_word' id='word_1_227' title='bbox 511 3308 544 3364; x_wconf 78' lang='lat' dir='ltr'><strong>a:</strong></span> <span class='ocrx_word' id='word_1_228' title='bbox 563 3327 613 3366; x_wconf 89' lang='lat' dir='ltr'><strong>om.</strong></span> <span class='ocrx_word' id='word_1_229' title='bbox 632 3311 660 3374; x_wconf 81' lang='grc' dir='ltr'><strong>Σ,</strong></span> <span class='ocrx_word' id='word_1_230' title='bbox 679 3327 725 3379; x_wconf 91' lang='lat' dir='ltr'><strong>pro</strong></span> <span class='ocrx_word' id='word_1_231' title='bbox 745 3310 859 3362; x_wconf 87' lang='lat' dir='ltr'><strong>ueritate</strong></span> <span class='ocrx_word' id='word_1_232' title='bbox 878 3325 927 3363; x_wconf 86' lang='lat' dir='ltr'><strong>om.</strong></span> <span class='ocrx_word' id='word_1_233' title='bbox 947 3305 1099 3363; x_wconf 78' lang='lat' dir='ltr'><strong>Deuedcdil</strong></span> <span class='ocrx_word' id='word_1_234' title='bbox 1134 3309 1149 3361; x_wconf 87' lang='lat'>3</span> <span class='ocrx_word' id='word_1_235' title='bbox 1169 3312 1200 3361; x_wconf 92' lang='lat' dir='ltr'><strong>ut</strong></span> 
     </span>
     <span class='ocr_line' id='line_1_29' title="bbox 51 3395 1198 3469; baseline -0.002 -19"><span class='ocrx_word' id='word_1_236' title='bbox 51 3395 143 3469; x_wconf 56' lang='lat' dir='ltr'><strong>Qrgo</strong></span> <span class='ocrx_word' id='word_1_237' title='bbox 160 3399 244 3462; x_wconf 66' lang='lat' dir='ltr'><strong>cmi</strong></span> <span class='ocrx_word' id='word_1_238' title='bbox 316 3415 381 3469; x_wconf 88' lang='lat' dir='ltr'><strong>quos</strong></span> <span class='ocrx_word' id='word_1_239' title='bbox 401 3398 499 3468; x_wconf 69' lang='lat' dir='ltr'><strong>quoni</strong></span> <span class='ocrx_word' id='word_1_240' title='bbox 565 3398 766 3467; x_wconf 77' lang='lat' dir='ltr'><strong>dpertulerant</strong></span> <span class='ocrx_word' id='word_1_241' title='bbox 784 3395 820 3458; x_wconf 73' lang='lat' dir='ltr'><strong>ii³</strong></span> <span class='ocrx_word' id='word_1_242' title='bbox 890 3398 918 3451; x_wconf 91' lang='lat' dir='ltr'><strong>in</strong></span> <span class='ocrx_word' id='word_1_243' title='bbox 937 3396 1000 3450; x_wconf 79' lang='lat' dir='ltr'><strong>acb</strong></span> <span class='ocrx_word' id='word_1_244' title='bbox 1066 3397 1198 3450; x_wconf 85' lang='lat' dir='ltr'><strong>5metro·</strong></span> 
     </span>
     <span class='ocr_line' id='line_1_30' title="bbox 47 3478 1203 3554; baseline -0.004 -11"><span class='ocrx_word' id='word_1_245' title='bbox 47 3478 246 3543; x_wconf 62' lang='lat' dir='ltr'><strong>bolitanued</strong></span> <span class='ocrx_word' id='word_1_246' title='bbox 299 3488 450 3542; x_wconf 85' lang='lat' dir='ltr'><strong>8acatium</strong></span> <span class='ocrx_word' id='word_1_247' title='bbox 467 3487 507 3540; x_wconf 72' lang='lat' dir='ltr'><strong>ir</strong></span> <span class='ocrx_word' id='word_1_248' title='bbox 558 3483 825 3553; x_wconf 68' lang='grc' dir='ltr'><strong>999199111999βδ93</strong></span> <span class='ocrx_word' id='word_1_249' title='bbox 895 3483 1085 3554; x_wconf 86' lang='lat' dir='ltr'><strong>qualecumque</strong></span> <span class='ocrx_word' id='word_1_250' title='bbox 1103 3482 1203 3552; x_wconf 74' lang='grc' dir='ltr'>ρυβδΤ</span> 
     </span>
     <span class='ocr_line' id='line_1_31' title="bbox 56 3557 1198 3640; baseline -0.006 -11"><span class='ocrx_word' id='word_1_251' title='bbox 56 3557 117 3628; x_wconf 77' lang='lat'><strong>10</strong></span> <span class='ocrx_word' id='word_1_252' title='bbox 134 3578 232 3629; x_wconf 89' lang='lat' dir='ltr'><strong>certum</strong></span> <span class='ocrx_word' id='word_1_253' title='bbox 249 3574 301 3630; x_wconf 59' lang='lat'><strong>5³2⁷</strong></span> <span class='ocrx_word' id='word_1_254' title='bbox 380 3577 407 3628; x_wconf 89' lang='lat' dir='ltr'><strong>et</strong></span> <span class='ocrx_word' id='word_1_255' title='bbox 425 3591 441 3628; x_wconf 90' lang='lat' dir='ltr'><strong>a</strong></span> <span class='ocrx_word' id='word_1_256' title='bbox 459 3573 651 3628; x_wconf 81' lang='lat' dir='ltr'><strong>catholicumd</strong></span> <span class='ocrx_word' id='word_1_257' title='bbox 740 3573 771 3626; x_wconf 93' lang='lat'><strong>11</strong></span> <span class='ocrx_word' id='word_1_258' title='bbox 792 3576 820 3626; x_wconf 92' lang='lat' dir='ltr'><strong>et</strong></span> <span class='ocrx_word' id='word_1_259' title='bbox 837 3571 920 3626; x_wconf 72' lang='lat' dir='ltr'><strong>mab</strong></span> <span class='ocrx_word' id='word_1_260' title='bbox 995 3570 1145 3640; x_wconf 90' lang='lat' dir='ltr'><strong>inpeditum</strong></span> <span class='ocrx_word' id='word_1_261' title='bbox 1163 3569 1198 3637; x_wconf 66' lang='lat'><strong>4¹,</strong></span> 
     </span>
     <span class='ocr_line' id='line_1_32' title="bbox 50 3643 1199 3734; baseline -0.004 -19"><span class='ocrx_word' id='word_1_262' title='bbox 50 3643 235 3733; x_wconf 65' lang='lat' dir='ltr'><strong>inpeditum</strong></span> <span class='ocrx_word' id='word_1_263' title='bbox 253 3663 282 3734; x_wconf 79' lang='lat' dir='ltr'><strong>q²</strong></span> <span class='ocrx_word' id='word_1_264' title='bbox 405 3665 438 3717; x_wconf 84' lang='lat'><strong>12</strong></span> <span class='ocrx_word' id='word_1_265' title='bbox 455 3665 561 3734; x_wconf 89' lang='lat' dir='ltr'><strong>petrum</strong></span> <span class='ocrx_word' id='word_1_266' title='bbox 585 3661 756 3716; x_wconf 84' lang='lat' dir='ltr'><strong>menifestum</strong></span> <span class='ocrx_word' id='word_1_267' title='bbox 778 3659 880 3732; x_wconf 68' lang='lat' dir='ltr'><strong>trapi</strong></span> <span class='ocrx_word' id='word_1_268' title='bbox 1005 3660 1038 3714; x_wconf 86' lang='lat'><strong>13</strong></span> <span class='ocrx_word' id='word_1_269' title='bbox 1061 3658 1199 3727; x_wconf 84' lang='lat' dir='ltr'><strong>subrogari</strong></span> 
     </span>
     <span class='ocr_line' id='line_1_33' title="bbox 57 3742 1197 3822; baseline -0.006 -18"><span class='ocrx_word' id='word_1_270' title='bbox 57 3753 113 3805; x_wconf 55' lang='lat' dir='ltr'><strong>*ar</strong></span> <span class='ocrx_word' id='word_1_271' title='bbox 127 3751 184 3808; x_wconf 80' lang='lat' dir='ltr'><strong>aid.</strong></span> <span class='ocrx_word' id='word_1_272' title='bbox 202 3768 236 3806; x_wconf 82' lang='grc'><strong>99</strong></span> <span class='ocrx_word' id='word_1_273' title='bbox 252 3752 399 3822; x_wconf 86' lang='lat' dir='ltr'><strong>subrogans</strong></span> <span class='ocrx_word' id='word_1_274' title='bbox 418 3767 485 3807; x_wconf 85' lang='lat' dir='ltr'><strong>corr.</strong></span> <span class='ocrx_word' id='word_1_275' title='bbox 504 3767 576 3805; x_wconf 79' lang='lat' dir='ltr'><strong>mua.</strong></span> <span class='ocrx_word' id='word_1_276' title='bbox 591 3753 611 3803; x_wconf 84' lang='lat'><em>2</em></span> <span class='ocrx_word' id='word_1_277' title='bbox 624 3748 688 3818; x_wconf 77' lang='lat' dir='ltr'><strong>p¹q²‚</strong></span> <span class='ocrx_word' id='word_1_278' title='bbox 701 3748 886 3818; x_wconf 83' lang='lat' dir='ltr'><strong>subrogandus</strong></span> <span class='ocrx_word' id='word_1_279' title='bbox 904 3748 935 3813; x_wconf 82' lang='grc' dir='ltr'><strong>Τ,</strong></span> <span class='ocrx_word' id='word_1_280' title='bbox 955 3745 1152 3816; x_wconf 82' lang='lat' dir='ltr'><strong>subrogandum</strong></span> <span class='ocrx_word' id='word_1_281' title='bbox 1165 3742 1197 3810; x_wconf 81' lang='lat' dir='ltr'><strong>i2,</strong></span> 
     </span>
     <span class='ocr_line' id='line_1_34' title="bbox 66 3830 1198 3909; baseline -0.005 -19"><span class='ocrx_word' id='word_1_282' title='bbox 66 3839 226 3909; x_wconf 55' lang='lat' dir='ltr'><strong>subrogant</strong></span> <span class='ocrx_word' id='word_1_283' title='bbox 241 3838 265 3894; x_wconf 75' lang='lat' dir='ltr'><strong>i³</strong></span> <span class='ocrx_word' id='word_1_284' title='bbox 317 3842 352 3895; x_wconf 87' lang='lat'><strong>14</strong></span> <span class='ocrx_word' id='word_1_285' title='bbox 365 3838 555 3895; x_wconf 79' lang='lat' dir='ltr'><strong>calendioneb</strong></span> <span class='ocrx_word' id='word_1_286' title='bbox 610 3839 642 3892; x_wconf 84' lang='lat'><strong>15</strong></span> <span class='ocrx_word' id='word_1_287' title='bbox 662 3837 773 3892; x_wconf 89' lang='lat' dir='ltr'><strong>eundem</strong></span> <span class='ocrx_word' id='word_1_288' title='bbox 789 3837 814 3890; x_wconf 84' lang='grc' dir='ltr'><strong><em>Τ</em></strong></span> <span class='ocrx_word' id='word_1_289' title='bbox 826 3836 878 3905; x_wconf 78' lang='lat' dir='ltr'><strong>(A)</strong></span> <span class='ocrx_word' id='word_1_290' title='bbox 935 3830 1198 3904; x_wconf 71' lang='lat' dir='ltr'><strong>ratisponenses,</strong></span> 
     </span>
     <span class='ocr_line' id='line_1_35' title="bbox 73 3921 1196 4001; baseline -0.008 -20"><span class='ocrx_word' id='word_1_291' title='bbox 73 3927 255 3998; x_wconf 74' lang='lat' dir='ltr'><strong>dispositione</strong></span> <span class='ocrx_word' id='word_1_292' title='bbox 273 3945 306 3984; x_wconf 79' lang='grc'><strong>99</strong></span> <span class='ocrx_word' id='word_1_293' title='bbox 323 3928 498 3999; x_wconf 86' lang='lat' dir='ltr'><strong>despositioni</strong></span> <span class='ocrx_word' id='word_1_294' title='bbox 516 3946 530 4001; x_wconf 85' lang='lat' dir='ltr'><strong>u</strong></span> <span class='ocrx_word' id='word_1_295' title='bbox 548 3929 657 3982; x_wconf 67' lang='lat' dir='ltr'><strong>moad</strong></span> <span class='ocrx_word' id='word_1_296' title='bbox 728 3925 836 3995; x_wconf 63' lang='lat' dir='ltr'><strong>quaed</strong></span> <span class='ocrx_word' id='word_1_297' title='bbox 899 3925 932 3978; x_wconf 85' lang='lat'><strong>20</strong></span> <span class='ocrx_word' id='word_1_298' title='bbox 951 3922 1066 3993; x_wconf 88' lang='lat' dir='ltr'><strong>synodo</strong></span> <span class='ocrx_word' id='word_1_299' title='bbox 1137 3921 1196 3990; x_wconf 83' lang='lat' dir='ltr'><strong>pui-</strong></span> 
     </span>
     <span class='ocr_line' id='line_1_36' title="bbox 75 4009 1196 4086; baseline -0.008 -16"><span class='ocrx_word' id='word_1_300' title='bbox 75 4010 182 4086; x_wconf 77' lang='lat' dir='ltr'><strong>legiae</strong></span> <span class='ocrx_word' id='word_1_301' title='bbox 270 4018 303 4072; x_wconf 90' lang='grc'><strong>21</strong></span> <span class='ocrx_word' id='word_1_302' title='bbox 326 4016 455 4070; x_wconf 77' lang='lat' dir='ltr'><strong>inusserit</strong></span> <span class='ocrx_word' id='word_1_303' title='bbox 477 4013 509 4071; x_wconf 77' lang='grc' dir='ltr'><strong>Σι</strong></span> <span class='ocrx_word' id='word_1_304' title='bbox 531 4017 633 4071; x_wconf 87' lang='lat' dir='ltr'><strong>inuasit</strong></span> <span class='ocrx_word' id='word_1_305' title='bbox 654 4013 676 4068; x_wconf 83' lang='grc' dir='ltr'><strong>Ω</strong></span> <span class='ocrx_word' id='word_1_306' title='bbox 780 4013 928 4082; x_wconf 71' lang='lat' dir='ltr'><strong>mangidiea</strong></span> <span class='ocrx_word' id='word_1_307' title='bbox 952 4011 991 4081; x_wconf 78' lang='grc' dir='ltr'><strong>βδ,</strong></span> <span class='ocrx_word' id='word_1_308' title='bbox 1014 4009 1150 4079; x_wconf 83' lang='lat' dir='ltr'><strong>tragydias</strong></span> <span class='ocrx_word' id='word_1_309' title='bbox 1173 4027 1196 4072; x_wconf 89' lang='lat' dir='ltr'><strong>o,</strong></span> 
     </span>
     <span class='ocr_line' id='line_1_37' title="bbox 77 4095 1198 4176; baseline -0.009 -18"><span class='ocrx_word' id='word_1_310' title='bbox 77 4104 259 4176; x_wconf 71' lang='lat' dir='ltr'><strong>megyadisQ</strong></span> <span class='ocrx_word' id='word_1_311' title='bbox 309 4107 343 4160; x_wconf 85' lang='grc'><strong>22</strong></span> <span class='ocrx_word' id='word_1_312' title='bbox 363 4105 503 4159; x_wconf 89' lang='lat' dir='ltr'><strong>discribere</strong></span> <span class='ocrx_word' id='word_1_313' title='bbox 522 4103 553 4172; x_wconf 79' lang='grc' dir='ltr'><strong>βδ</strong></span> <span class='ocrx_word' id='word_1_314' title='bbox 598 4095 906 4158; x_wconf 61' lang='lat' dir='ltr'><strong>mammotrecti</strong></span> <span class='ocrx_word' id='word_1_315' title='bbox 951 4101 985 4154; x_wconf 73' lang='lat'><strong>25</strong></span> <span class='ocrx_word' id='word_1_316' title='bbox 1004 4101 1074 4152; x_wconf 90' lang='lat' dir='ltr'><strong>certe</strong></span> <span class='ocrx_word' id='word_1_317' title='bbox 1092 4095 1198 4168; x_wconf 55' lang='grc' dir='ltr'>ρυβδίὸι</span> 
     </span>
     <span class='ocr_line' id='line_1_38' title="bbox 83 4192 195 4248; baseline 0.018 -2"><span class='ocrx_word' id='word_1_318' title='bbox 83 4208 126 4248; x_wconf 88' lang='lat' dir='ltr'><strong>cur</strong></span> <span class='ocrx_word' id='word_1_319' title='bbox 141 4192 195 4248; x_wconf 65' lang='grc' dir='ltr'><strong>Μ’</strong></span> 
     </span>
    </p>
   </div>
   <div class='ocr_carea' id='block_1_4' title="bbox 0 0 1480 4634">
    <p class='ocr_par' dir='ltr' id='par_1_4' title="bbox 0 0 1480 4634">
     <span class='ocr_line' id='line_1_39' title="bbox 0 0 1480 4634; baseline 0 0"><span class='ocrx_word' id='word_1_320' title='bbox 0 0 1480 4634; x_wconf 95' lang='lat' dir='ltr'><strong> </strong></span> 
     </span>
    </p>
   </div>
  </div>
 </body>
</html>
