2864 4620
454 305 539 374 Epist.
558 303 689 359 CXXXIX
709 307 818 362 16-21.
1131 315 1192 379 571,

73 499 233 565 Romanus
258 499 405 563 diaconus
427 503 458 563 et
475 497 629 564 Iohannes
651 500 813 582 presbyter
834 504 872 564 ut
894 521 996 584 supra.
1040 503 1246 573 Eusebius19

75 604 317 670 archimandrita
344 607 376 668 et
401 605 568 669 Eustasius
600 606 761 689 presbyter
786 609 822 670 ut
849 626 951 690 supra.
1005 609 1136 673 Iacobus
1165 612 1196 674 et

73 711 229 774 Eusebius
257 710 432 793 presbyteri
459 712 496 774 ut
523 729 625 792 supra.
682 708 809 794 Sergius
839 715 870 775 et
896 712 997 777 Maras
1024 714 1196 797 presbyteri

73 819 111 880 ut
133 835 236 899 supra.
286 815 436 889 Iohannes
461 819 493 880 et
513 816 654 880 Iulianus
676 817 848 899 presbyteri
870 821 908 882 ut
930 838 1032 900 supra.
1076 819 1195 883 Paulus

40 927 106 987 set
128 923 249 988 Isaoius
272 921 446 1006 presbyteri
468 924 504 986 ut
528 941 631 1005 supra.
681 921 816 988 Thomas
840 927 872 988 et
893 924 1049 989 Dasianus
1071 925 1195 1007 presby-

73 1031 133 1095 teri
158 1034 201 1100 ,ut
233 1049 335 1111 supra.
398 1029 550 1093 Iohannes
586 1033 619 1092 et
649 1029 782 1094 Danihel
819 1031 989 1114 presbyteri
1025 1034 1062 1095 ut
1092 1049 1195 1113 supra.

74 1137 213 1200 Zenonas
248 1135 410 1218 presbyter
442 1138 475 1198 et
504 1134 615 1199 Asinos
648 1134 795 1200 diaconus
828 1139 860 1201 et
890 1136 1130 1204 archimandrita
1159 1128 1246 1213 ut20

74 1261 177 1324 supra,
223 1241 400 1305 Antoninus
420 1239 568 1305 diaeonus
592 1242 625 1305 et
647 1239 884 1306 archimandrita
907 1244 938 1305 et
956 1240 1090 1324 Cyn'llus
1108 1239 1196 1324 ¹pres-

75 1348 162 1431 byter
180 1350 217 1411 ut
235 1366 338 1429 supra.
384 1346 439 1411 Iob
458 1347 618 1430 presbyter
637 1348 669 1410 et
687 1343 862 1429 Stephanus
882 1346 1030 1413 diaconus
1049 1351 1081 1413 et
1098 1347 1195 1412 archi·

28 1477 55 1517 10
72 1453 227 1518 mandrita
258 1455 295 1518 ut
326 1472 429 1535 supra.
488 1452 608 1517 Bassus
621 1435 623 1439 ¹
637 1452 786 1516 diaconus
814 1456 846 1517 et
872 1453 1009 1517 Basilius
1035 1453 1195 1536 presbyter

73 1562 110 1623 ut
124 1578 225 1641 supra.
267 1557 452 1642 Symeonius
468 1561 499 1622 et
513 1558 666 1622 lohannes
680 1558 853 1640 presbyteri
868 1561 904 1622 ut
919 1577 1021 1641 supra.
1062 1559 1194 1624 Iacobus

72 1665 233 1746 presbyter
265 1665 296 1727 et
326 1662 467 1728 Iulianus
504 1659 652 1727 diaconus
686 1665 717 1727 et
748 1662 987 1727 archimandrita
1022 1666 1058 1727 ut
1092 1683 1193 1747 supra.

73 1769 258 1852 Symeonius
282 1771 314 1832 et
331 1768 440 1833 Alfeus
462 1769 636 1851 presbyteri
658 1770 695 1832 ut
717 1787 819 1850 snpra.
863 1768 1016 1833 Iohannes
1034 1769 1196 1853 presbyter

73 1877 106 1939 et
126 1876 240 1939 Petrus
268 1874 427 1939 diaconus.
444 1877 482 1938 ut
509 1892 612 1958 supra.
671 1872 805 1937 Danihel
832 1873 979 1939 diaconus
1008 1878 1039 1939 et
1063 1875 1194 1941 Nonnus

26 2007 53 2048 rs
72 1981 219 2045 diaeonus
245 1983 277 2045 et
298 1979 536 2045 archimandrita
558 1983 595 2044 ut
617 1997 721 2062 supra.
766 1979 937 2044 Alexander
955 1983 986 2043 el
1001 1980 1193 2063 Epiphanius

57 2073 60 2078 ⁵
70 2087 244 2170 presbyteri
262 2088 300 2149 ut
317 2104 421 2167 supra.
468 2084 574 2149 Zoilus
595 2086 626 2149 et
639 2084 826 2149 Habramius
845 2085 1018 2169 presbyteri
1036 2088 1073 2151 nt
1090 2105 1192 2169 supra.

69 2191 209 2256 Iulianus
237 2192 399 2274 presbyter
426 2193 457 2255 et
479 2189 631 2255 Iohannes
660 2189 808 2255 diaconus
836 2193 868 2254 et
893 2190 1132 2256 archimandrita
1157 2194 1194 2254 ut

70 2317 173 2380 supra.
216 2296 344 2362 carufas
364 2298 396 2361 et
414 2295 599 2378 symeonius
618 2295 791 2378 presbyteri
808 2299 846 2358 ut
864 2315 966 2379 supra.
1008 2296 1191 2362 Timotheus

69 2403 218 2468 diaconus
233 2406 265 2467 et
277 2403 389 2466 Petrus
403 2401 565 2484 presbyter
582 2403 619 2465 ut
634 2419 736 2483 supra.
781 2400 982 2467 Macedonius
996 2401 1190 2475 <diaconus>
1202 2411 1240 2473 21

22 2538 50 2579 ao
69 2512 101 2573 et
123 2498 362 2574 archimandrita
384 2511 420 2572 ut
443 2526 546 2589 supra.
606 2507 747 2573 Domnus
771 2506 1009 2572 archimandrita
1030 2510 1067 2572 ut
1088 2527 1192 2588 supra.

68 2614 221 2680 Iohannes
248 2613 487 2679 archimandrita
515 2616 552 2679 nt
578 2632 681 2696 supra.
740 2613 923 2697 Symeonius
950 2613 1142 2686 (diaeonus)
1160 2614 1193 2678 et

69 2719 309 2784 archimandrita
330 2722 368 2784 nt
390 2739 494 2802 supra.
540 2719 649 2784 Menas
672 2719 822 2784 diaconus
846 2721 878 2783 et
900 2719 1137 2784 archimandrita
1160 2721 1192 2783 et

67 2825 263 2890 Barabsabas
286 2825 450 2908 presbyter
471 2826 508 2888 ut
530 2843 632 2906 supra.
695 2823 823 2909 Sergius
850 2826 1013 2908 presbyter
1040 2827 1072 2889 et
1092 2824 1190 2890 Theo·

69 2931 162 2996 dorus
197 2931 437 2997 archimandrita
472 2934 509 2995 ut
540 2950 642 3011 supra.
696 2930 858 2994 Beniamin
889 2929 1129 2995 archimandrita
1158 2932 1189 2994 et

20 3067 48 3118 ab
67 3036 186 3102 isacius
213 3038 377 3120 presbyter
405 3040 442 3101 ut
468 3054 571 3120 supra.
624 3035 761 3101 Danihel·
783 3036 946 3119 presbyter
967 3039 1000 3100 et
1021 3034 1189 3100 archiman-

68 3143 149 3207 drita
175 3146 208 3207 et
233 3143 368 3208 Abraam
396 3141 636 3208 archimandrita
661 3145 699 3206 ut
726 3161 837 3226 supra,
881 3141 1065 3225 Symeonius
1091 3141 1188 3205 archi-

66 3248 222 3313 mandrita
243 3251 280 3313 ut
302 3267 406 3331 supra.
1291 3239 1295 3244 ’

102 3437 136 3491 16
153 3438 247 3491 zoillus
269 3438 297 3490 V
347 3437 379 3492 18
398 3438 540 3492 simeonius
563 3437 590 3489 V
642 3437 674 3491 19
692 3436 819 3492 diaconus
835 3438 946 3500 inserui,
965 3438 1103 3507 presbyter
1123 3436 1185 3492 Gar.
1244 3428 1246 3432 ⁴

65 3525 101 3580 20
119 3525 153 3579 21
171 3526 206 3580 22
224 3517 260 3579 27
276 3525 500 3580 archimandriV
560 3526 595 3580 20
613 3517 795 3580 domnns'oso
813 3525 925 3580 doninus
948 3526 974 3579 V
1039 3526 1185 3586 archiman-

66 3613 118 3667 drii
135 3613 161 3668 V
211 3613 243 3667 21
264 3612 390 3667 diaconus
408 3614 519 3679 inserui,
537 3613 675 3685 presbyter
690 3613 752 3668 Cor.
807 3614 841 3669 23
859 3614 1020 3669 darabsabas
1038 3613 1186 3679 Keomees'

63 3714 150 3756 suasu
167 3700 280 3770 Syriaca
297 3702 461 3762 callentium
508 3701 541 3757 25
558 3702 661 3770 ysacins
683 3701 711 3756 V
