2864 4620
489 263 574 333 span.
593 260 733 317 coxxxx
750 262 767 316 a
786 292 819 302 -
838 260 973 317 cornuamw
985 263 1009 316 a.
1244 269 1304 332 741

183 457 298 523 dicitnr
319 458 351 522 in
375 455 484 521 multis
504 456 718 539 causia'quae
735 455 892 540 religiosis
911 457 1029 521 alienae
1048 461 1123 522 sunt
1141 458 1305 542 episcopis,

182 566 219 627 ut
246 563 428 634 clericorum
456 573 585 636 suorum
616 562 801 646 proditione,
834 563 1045 629 habitatorum
1078 563 1172 629 etiam
1204 564 1305 630 dictae

182 671 333 748 ciuitatis,
362 670 493 735 aliorum
522 664 650 752 insuper
672 668 883 750 frequentium
905 669 1075 747 incusetur,
1099 690 1159 734 non
1182 674 1303 737 tantum

180 778 293 861 legatis
325 778 449 841 uestrae
483 768 702 840 sanctitudinis
733 775 766 839 in
798 776 856 839 hnc
888 775 977 859 regia
1004 775 1118 857 positis
1150 777 1236 855 urbe,
1268 781 1306 842 ut

143 903 163 943 e
179 883 266 964 ipsos
290 900 415 965 quoque
437 881 568 946 retinere
592 900 765 956 censemus,
784 901 895 947 uerum
912 884 986 972 post
1004 901 1303 960 eornmrccessum:

165 985 232 1071 'qui
254 990 355 1054 malae
373 987 583 1053 conscientiae
602 987 678 1052 sinae
697 988 801 1052 uictus
820 988 1011 1063 testimonio,
1030 989 1158 1054 territus
1177 989 1305 1072 insuper

178 1114 216 1160 nc
243 1095 427 1184 quaestione
454 1093 563 1158 habita
589 1094 766 1177 grauiorem
793 1094 925 1159 tonnam
953 1095 1055 1159 exitus
1082 1094 1127 1159 rei
1150 1097 1302 1177 posceret,

177 1201 388 1289 accusatorios
409 1200 535 1265 libellos
558 1199 693 1276 obtulit.
708 1202 745 1277 ut
765 1200 876 1265 liceret
899 1200 928 1264 ei
946 1200 1089 1265 secedere
1108 1218 1127 1264 a
1145 1204 1301 1286 suscepto,

176 1308 261 1373 sicut
292 1307 501 1385 dictumest,
534 1306 735 1390 episcopatus
769 1306 881 1371 officio.
915 1306 1060 1388 quoniam
1091 1306 1189 1391 igitur
1216 1307 1345 1372 cordi2

136 1435 160 1475 ro
176 1413 265 1478 nobis
289 1416 322 1478 ct
344 1416 394 1483 est
416 1415 448 1478 et
469 1412 541 1490 fuit,
555 1415 601 1497 ut
624 1420 746 1495 semper
768 1412 936 1477 ciuitatum
960 1412 1118 1477 antistites
1141 1413 1173 1477 in
1197 1432 1302 1496 amone

175 1519 240 1585 sint
252 1518 391 1585 omnium
407 1517 574 1597 communi,
591 1537 723 1601 qnorum
738 1517 889 1603 regendas
908 1518 1106 1602 (accepisse)
1134 1518 1303 1583 creduntur

175 1625 305 1702 animas,
328 1624 449 1690 Paulus
473 1628 578 1689 antem
601 1625 651 1689 uir
670 1624 943 1704 reuerentissimus
966 1626 1050 1689 ultro
1069 1643 1103 1689 se
1122 1621 1190 1703 sno,
1208 1627 1302 1708 prout·

172 1732 428 1809 memorauimus‚
475 1730 633 1795 abdicauit
673 1729 857 1808 sacerdotio,
897 1732 1093 1813 praesentem
1134 1730 1299 1813 epistolam

172 1836 318 1902 duximus
341 1837 533 1920 dirigendam
553 1873 594 1905 t*
613 1836 705 1901 uobis
724 1835 881 1918 aperiatur
895 1823 1146 1907 ¹storationibus
1165 1835 1298 1919 propriis

128 1969 153 2007 u
173 1945 309 2008 caeleste
328 1942 417 2008 nobis
435 1942 627 2026 praesidinm
647 1941 783 2026 digneris
801 1942 970 2024 acquirere.
1017 1941 1115 2005 ‘Data
1133 1940 1204 2006 Kal.
1223 1941 1295 2006 Mai

173 2048 444 2132 Constantinopoli
467 2048 639 2114 Iustiniano
664 2051 696 2112 et
717 2048 842 2113 Ualerio
866 2068 920 2112 uu.
945 2066 990 2114 cc.
1015 2065 1116 2119 conss.

643 2347 646 2354 .
680 2291 787 2376 (aaa.)

159 2452 327 2497 :Exulss’tutl
354 2452 537 2497 aunualonls
565 2451 729 2497 EPIPHANII
756 2452 898 2498 salsoom
921 2413 1292 2505 consuaualnoaonlaeltl.

211 2593 271 2637 aas
307 2593 403 2638 ouum
438 2591 637 2637 saucnrssruo
672 2592 712 2637 nn
748 2592 929 2658 saumas-nro
960 2591 1074 2637 nomuo
1106 2591 1219 2636 nonam
1248 2590 1286 2634 na

121 2703 149 2746 so
167 2698 442 2744 oommnsnmnonr
459 2697 631 2744 nonnemo
650 2697 847 2744 sumamus.
905 2678 1145 2761 Frequentiones
1164 2677 1290 2759 quidem

169 2785 290 2850 litteras
310 2786 411 2850 facere
430 2785 469 2849 ad
487 2788 625 2850 uestram
643 2784 868 2849 beatitudinem
887 2788 920 2850 et
935 2784 997 2848 frui
1015 2784 1128 2848 affectu
1141 2784 1293 2854 fraternae

165 2892 304 2956 caritatis
333 2894 489 2974 optamus,
518 2910 598 2956 nunc
625 2893 731 2956 autem
760 2910 796 2955 oa
822 2910 901 2974 quae
928 2892 1099 2955 euenerunt
1130 2888 1291 2972 cupientes

164 3000 303 3060 uestram
342 2995 581 3062 sanctimoniam
619 3015 681 3061 non
715 2995 812 3059 latere
847 2995 1063 3078 praesentibus
1100 2995 1151 3059 usi
1182 3011 1292 3058 snmus

169 3099 306 3182 scriptis.
335 3101 444 3166 multis
472 3103 555 3166 enim
578 3104 610 3167 et
632 3121 693 3166 non
715 3120 812 3184 paruo
837 3101 937 3182 spatio
960 3101 1110 3183 temporis
1133 3098 1290 3184 perturba·
1315 3108 1335 3170 2

134 3206 309 3275 sationibus
336 3206 521 3272 Antioohiae
544 3190 709 3271 maximam
733 3207 904 3285 ciuitatem,
929 3225 1007 3290 qnae
1031 3209 1081 3272 est
1100 3209 1132 3271 in
1156 3205 1292 3269 dioecesi

166 3311 319 3397 Orientali
344 3312 453 3396 prima,
482 3312 757 3378 circumstantibus
788 3313 846 3378 snb
875 3313 1146 3396 occasionc,.quia
1168 3310 1291 3376 Paulus

200 3604 217 3656 6
234 3601 336 3656 ueritus
349 3599 413 3655 Car.
451 3601 481 3654 11
503 3599 645 3655 creduntur
658 3599 695 3655 V.-
712 3601 963 3671 sccepernntBar.‚·
980 3616 1026 3670 epo
1038 3601 1142 3655 inserui
1156 3602 1289 3672 occepisse

165 3691 323 3760 (suscepisse
337 3689 423 3750 Tticl,
438 3687 649 3756 curareHortel)
693 3690 725 3743 14
740 3689 869 3744 lacunam
885 3689 1024 3744 indicaui:
1041 3693 1072 3743 ut
1089 3689 1288 3753 inseruit-Cor.‚

164 3779 301 3847 quodsum
317 3777 434 3845 sufficit·
450 3776 591 3832 cncidttut
603 3776 668 3846 qnid
676 3776 776 3831 tactum
787 3777 822 3831 sit
830 3777 970 3833 selamin
979 3778 1046 3846 quid
1082 3780 1114 3832 15
1129 3779 1213 3832 maias
1227 3795 1289 3832 con·

164 3861 367 3936 stantinopolim
389 3865 421 3932 V,
439 3881 541 3934 occup
596 3867 628 3920 16
646 3852 694 3920 ιῆ
713 3851 824 3921 cons-V

200 3971 267 4029 242.
320 3971 388 4024 Dat.
406 3976 438 4024 ut
455 3987 495 4039 ep.
514 3974 573 4024 241.
631 3971 704 4025 Esto.
727 3971 788 4026 Cor.
807 3969 837 4025 P
856 3974 927 4038 562;
947 3972 1056 4026 Collect.
1076 3971 1171 4026 Ooncil
1182 3991 1192 4038 ;
1213 3972 1290 4026 Tte'cl

167 4063 237 4126 oen·
261 4064 447 4125 commonerer
468 4059 537 4142 aar.
557 4059 596 4113 aa
618 4076 643 4115 a.
665 4061 718 4113 aar
737 4063 782 4114 aa.
864 4061 896 4114 ra
914 4047 1000 4114 sni}
1019 4061 1045 4114 V
1130 4061 1164 4115 aa
1182 4060 1235 4115 uisi
1256 4060 1288 4126 ι,

164 4164 233 4206 corr.
252 4145 279 4200 o²
330 4150 364 4203 25
383 4141 483 4201 diocesi
507 4147 533 4201 V
