2864 4620
185 287 248 350 766
350 282 514 353 Epiphanius
534 281 745 338 constantiensis
764 282 796 336 de
813 283 867 337 XII
884 284 995 353 germinis
1014 284 1153 338 rationalis

184 477 262 540 bene
290 474 457 540 admodum
484 469 603 539 relatus
632 475 681 538 est
708 473 879 557 onychinus
902 474 983 556 lapis
1006 475 1038 539 iu
1060 476 1232 555 Beniamin,
1256 479 1307 559 qui

183 582 216 646 in
257 583 314 647 hac
355 581 559 662 dispositione
596 582 667 644 ants
702 580 817 662 Ioseph
853 583 1036 645 numeratus
1074 586 1132 659 est,
1168 583 1307 666 beryllus

185 691 290 753 autem
321 687 352 750 in
383 686 498 768 Ioseph
530 685 784 751 accommodatus
817 686 856 750 ob
894 687 1171 770 contemplationes
1209 689 1309 753 eidem

185 796 400 868 consonantes,
429 792 572 874 quamuis
601 791 735 856 ultimus
758 791 839 874 lapis
862 792 930 872 ipse
953 796 1144 871 numeretur,
1169 794 1244 876 quia
1267 794 1312 860 sic

186 898 301 963 accidit
323 901 355 962 et
376 898 491 978 loseph
515 897 723 963 nouissimum
743 897 851 975 scribi,
876 895 959 962 sicut
980 898 1158 980 frequenter
1181 900 1311 966 asserui.
1365 925 1369 962 l

131 1012 174 1074 80
229 1004 503 1088 Transgredientes
544 1003 640 1086 igitur
686 1005 717 1067 ct
761 1004 840 1067 hanc
885 1002 1071 1068 diuisionem
1116 1006 1313 1088 respeximus

186 1111 423 1194 dispositionem
447 1112 566 1177 sextam
590 1109 676 1173 iuxta
700 1109 1013 1181 di<nu>meratarum
1036 1111 1177 1183 tribuum
1205 1130 1316 1177 conse-

185 1216 344 1299 quentiam
376 1219 408 1280 et
438 1216 615 1280 inuenimus
648 1216 736 1281 iuxta
765 1217 967 1280 metationem
1004 1219 1178 1308 castrorum
1216 1218 1315 1284 Israel

184 1323 325 1405 quadrati
343 1321 476 1404 agminis
496 1321 633 1385 ordinem
653 1321 754 1403 magis
774 1323 915 1403 oportere
935 1333 1146 1406 congrue<re>
1169 1323 1318 1387 rationali

184 1431 270 1492 iuxta
300 1431 403 1492 ternas
436 1439 468 1491 et
499 1430 603 1492 ternas
635 1426 748 1504 tribus,
782 1427 864 1490 sicut
895 1427 926 1491 in
955 1427 1062 1493 codem
1091 1427 1237 1492 rationali
1266 1430 1369 1494 fas-1-

183 1537 248 1598 erat
275 1551 408 1610 cernere,
437 1531 522 1614 quod
550 1532 693 1614 quadrati
722 1532 837 1597 ordinis
863 1532 1013 1616 probatur
1036 1520 1166 1610 exstare,
1192 1538 1224 1597 et
1248 1539 1312 1600 erat

181 1640 240 1705 hoc
271 1637 490 1721 planissimum
523 1640 617 1721 atque
650 1638 870 1722 symbolicum,
902 1639 935 1703 id
968 1641 1015 1703 est
1052 1639 1308 1723 significatiuum,

66 1746 69 1751 ’
182 1749 308 1829 propter
343 1743 565 1825 dispositiones
603 1744 746 1809 ordinum
787 1745 1084 1827 consonantiamque
1126 1750 1307 1812 castrorum.

129 1851 169 1913 81
183 1852 239 1915 sed
259 1852 292 1914 in
315 1851 364 1914 his
388 1852 532 1931 separata
553 1850 665 1923 tribus,
689 1851 791 1914 tribus
814 1850 902 1917 Leui.
927 1850 1017 1915 nobis
1041 1852 1176 1917 obstitit.
1197 1853 1307 1917 consti-

182 1960 272 2021 tutus
300 1960 350 2021 est
377 1956 458 2020 enirn
486 1955 581 2028 Iudas
610 1956 727 2022 habens
757 1975 864 2021 secum
891 1957 1018 2022 isachar
1045 1962 1077 2022 et
1109 1959 1247 2031 Zabulon
1279 1960 1307 2022 in
1323 1984 1369 2022 15¹

181 2081 242 2126 uno
277 2062 459 2126 metationis
496 2062 711 2139 contubernio,
747 2066 780 2126 et
815 2063 1006 2129 constitutus
1039 2068 1088 2128 est
1118 2064 1240 2147 primus
1273 2066 1308 2130 ad

181 2168 363 2232 orientalem
391 2165 518 2251 plagam
545 2171 672 2250 propter
698 2166 950 2260 significantiam,
980 2172 1016 2232 ut
1039 2169 1181 2246 aestimo,
1205 2171 1307 2254 regiae

180 2275 347 2354 potestatis
381 2277 412 2337 et
443 2273 528 2354 quod
559 2272 670 2336 Ruben
704 2291 720 2335 a
752 2274 877 2356 propria
907 2273 1053 2339 reciderit
1089 2275 1198 2358 gloria,
1237 2276 1308 2358 quia

181 2383 315 2444 stratum
347 2379 554 2443 maculauerit
584 2378 692 2460 patris,
726 2379 821 2443 sicuti
854 2378 970 2443 diuinis
1007 2380 1122 2446 litteris
1159 2382 1308 2463 probatur

126 2491 169 2554 82
179 2485 341 2552 insertum.
361 2486 393 2549 in
409 2485 546 2549 secunda
561 2504 635 2549 uero
651 2485 821 2548 metatione
835 2487 1009 2551 castrorum
1024 2487 1134 2551 Rub'en
1149 2487 1308 2552 ordinatur·
1320 2514 1345 2554 so
1355 2519 1369 2545 ι

180 2611 250 2658 cum
276 2591 420 2657 Simeone
443 2594 475 2656 st
498 2589 565 2655 (iad
589 2609 701 2654 uersus
724 2590 763 2654 ad
785 2610 880 2667 mare,
906 2591 944 2654 ad
967 2592 1158 2656 occidentem
1183 2602 1306 2677 quoque

178 2699 313 2782 Ephrem
341 2717 413 2762 cum
441 2696 586 2761 Manasse
615 2699 646 2760 et
668 2696 842 2775 Beniamin,
867 2697 922 2779 qui
945 2716 1051 2762 omnes
1076 2718 1112 2763 ex
1133 2699 1254 2764 Rachel
1275 2699 1305 2763 in

177 2824 240 2868 una
266 2807 425 2885 ponuntur
451 2803 621 2867 metatione
651 2805 842 2880 castrorum
874 2805 1001 2885 propter
1031 2804 1198 2869 Manassen
1232 2825 1305 2870 uero

177 2910 256 2973 Leni
277 2910 403 2974 uidetur
421 2909 578 2975 exclusus.
597 2908 666 2972 dein
687 2907 726 2972 ad
744 2908 920 2990 aquilonem
942 2912 1084 2991 quartam
1102 2910 1304 2975 metationem

176 3015 322 3096 primitus
342 3015 408 3079 Dan
428 3014 577 3091 eontinet,
596 3013 667 3077 dein
684 3014 772 3090 Aser,
793 3013 903 3078 deindo
920 3014 1090 3098 Neptalim,
1109 3017 1142 3079 ot
1160 3015 1304 3099 quoniam
1318 3038 1367 3080 ss

176 3120 254 3185 Leui
284 3139 345 3185 non
375 3121 555 3207 inuenimus
587 3120 667 3183 inter
699 3138 752 3184 eos
786 3120 979 3200 ammixtum,
1012 3121 1220 3205 cognocimus
1249 3141 1303 3187 nec

175 3226 270 3290 istam
297 3246 390 3308 posse
419 3227 662 3310 descriptionem
689 3226 911 3308 compositioni
937 3228 1079 3310 lapidum
1102 3228 1300 3303 commodari,

175 3351 214 3396 ne
236 3331 382 3396 uideatur
405 3331 433 3395 ei
456 3331 591 3397 filiorum
614 3332 712 3396 Israel
734 3351 832 3396 unum
853 3331 1017 3406 <de>esss
1039 3331 1241 3400 uocabulum.

123 3445 166 3508 83
220 3434 416 3518 Quapropter
434 3440 466 3502 et
477 3437 561 3502 *hanc
575 3438 755 3503 omittentes
770 3437 961 3502 intendimus
976 3436 1124 3527 diuisioni
1139 3440 1299 3522 septimae.

176 3562 273 3625 quarn¹
292 3541 435 3627 protinus
459 3543 643 3621 ademimus,
667 3543 741 3625 quia
763 3562 823 3625 non
847 3561 916 3607 eam
933 3541 1127 3626 repperimus
1147 3545 1298 3628 composi·
1314 3571 1334 3612 o

265 3734 297 3787 19
316 3732 349 3787 ci.
369 3731 433 3787 Gen.
452 3733 496 3796 49,
514 3733 532 3786 4
551 3733 603 3800 (35,
622 3733 667 3799 22)

211 3907 392 3961 lammodnm
409 3907 435 3960 V
469 3907 688 3963 Vdimeratarom
711 3909 742 3972 V,
761 3925 828 3962 corr.
848 3908 932 3976 Fcpp.
970 3910 1119 3978 tcongrue
1134 3924 1203 3963 corr.
1220 3909 1298 3978 Fopp.

176 3997 207 4050 19
226 3997 298 4050 sicut
317 3996 400 4065 Fopp.
452 3997 488 4050 25
504 3995 674 4066 neptalinV
743 3998 869 4066 quoniam
893 3997 927 4048 V:
946 4014 1005 4050 curn
1023 3997 1110 4066 Fopp.
1152 3997 1200 4052 -26
1218 4001 1298 4051 amix-

172 4088 231 4138 tnm
254 4084 280 4137 V
342 4085 376 4138 27
394 4083 588 4138 accommodari
608 4085 691 4153 kopp.
759 4085 792 4139 28
812 4084 903 4143 deesse
922 4083 1016 4153 dopo:
1037 4101 1094 4140 esse
1118 4086 1144 4140 V
1212 4086 1247 4142 30
1266 4085 1300 4140 ad

172 4173 285 4226 emimus
308 4172 335 4226 V
402 4175 565 4244 respeximus
583 4173 666 4242 d'opp.
