2902 4628
325 293 413 364 repas
433 292 618 348 camum
636 295 652 347 a
671 325 705 334 -
723 293 899 351 oxnxrx‘r.
1111 301 1174 364 595

56 489 171 553 culmen
193 488 319 570 imperii
342 506 434 570 quam
458 506 514 570 per
535 486 702 570 imperium
725 507 783 552 uos
804 489 917 571 aliquis
937 489 1022 554 dicat
1038 490 1175 574 agnosci.

55 597 166 659 certum
200 597 250 659 est
282 592 408 676 quidem
444 592 628 658 huiusmodi
664 595 868 677 prouectione
906 598 1013 660 uestra
1044 596 1176 678 pristino

55 699 205 782 splendori
244 699 417 765 accessisse
455 698 574 764 decoris
612 700 789 778 cumulum,
828 700 880 765 sed
918 700 1065 770 tenuistis
1102 701 1175 766 olim

53 805 185 870 moribus
204 805 427 890 principatum.
472 805 518 869 sic
538 823 610 869 cum
629 823 686 869 cros
706 825 761 886 per
779 825 832 871 ora
850 806 991 888 gentium
1009 806 1176 890 impatiens
1200 811 1220 872 2

33 913 157 977 rsecreti
184 911 371 997 magnitudo
400 910 567 989 diffuderit,
596 911 635 975 ad
663 930 719 975 nos
749 930 882 994 quoque,
912 913 995 977 sicut
1025 913 1177 995 mysticae

53 1017 193 1101 leguntur
210 1018 395 1101 scripturae,
419 1016 609 1095 testimoniis
633 1016 844 1081 suauitatis
867 1021 991 1082 uestrae
1015 1018 1105 1083 odor
1127 1019 1178 1083 ad-

53 1123 140 1190 uenit.
183 1127 216 1188 et
249 1127 342 1201 certe,
380 1141 452 1187 cum
488 1124 551 1187 late
587 1122 788 1204 prudentium
824 1123 986 1187 hominum
1023 1125 1179 1189 sententia

55 1229 212 1313 religiosae
235 1229 322 1298 uitae
345 1230 469 1293 uestrae
493 1228 611 1293 fuerint
631 1224 780 1293 instituta
802 1227 953 1311 dispersa,
980 1230 1095 1295 habere
1118 1248 1178 1294 non

55 1336 208 1418 potuimus
231 1335 438 1419 incognitum,
459 1334 608 1417 quicquid
632 1334 669 1398 de
692 1334 785 1399 uobis
803 1335 905 1401 fuerat
923 1335 1033 1400 mundi
1051 1338 1179 1401 attesta-

31 1441 129 1532 ntione
151 1442 332 1526 uulgatum,
356 1441 429 1523 quia
448 1440 532 1505 sicut
549 1439 699 1506 mediocri
716 1440 810 1505 laude
828 1431 924 1525 digna
939 1441 973 1506 in
989 1441 1178 1506 immensum

58 1547 106 1612 sibi
126 1550 289 1630 nequeunt
310 1547 469 1611 uindicare
491 1547 666 1629 praeconia,
694 1546 740 1610 ita
763 1546 830 1612 sine
852 1547 912 1612 fine
934 1548 1178 1631 praedicandum

58 1652 165 1736 rapitur
182 1653 216 1718 in
234 1653 397 1736 populum,
413 1652 562 1736 quicquid
580 1652 661 1717 bono
680 1652 775 1716 fuerit
793 1652 1008 1718 admirationis
1023 1656 1177 1718 umatum.

59 1758 186 1825 uindicat
223 1759 306 1824 enim
343 1758 402 1824 sibi
437 1758 621 1841 quantitatis
655 1777 730 1823 suae
761 1758 829 1823 iure
860 1758 1045 1842 magnitudo
1076 1759 1177 1823 famae

58 1864 237 1942 testimonia,
269 1865 343 1948 quia
373 1865 518 1930 nesciunt
548 1864 645 1929 latere
678 1864 828 1929 miranda.
895 1865 968 1930 hinc
1000 1867 1059 1944 est,
1092 1861 1219 1947 quod3

10 2006 12 2010 >
31 1989 47 2029 u
58 1969 239 2055 principatus
254 1970 345 2035 nohis
361 1970 489 2036 adoreas
504 1970 630 2053 publica
643 1970 712 2035 iura
730 1971 964 2038 commiserunt.
987 1989 1071 2048 nam,
1091 1969 1176 2053 quod

57 2076 228 2142 meritorum
259 2076 397 2161 insignia
428 2076 643 2160 generalitatis
676 2077 760 2140 facta
794 2081 869 2141 sunt
900 2079 985 2154 uota,
1014 2094 1105 2141 nemo
1132 2075 1178 2140 ita

57 2199 146 2246 rerum
169 2182 286 2247 arbiter
306 2182 434 2266 iniquus
453 2181 597 2259 exstabit,
617 2182 672 2264 qui
690 2182 808 2264 passim
826 2201 883 2247 uos
903 2182 1050 2246 aestimet
1067 2182 1176 2247 arches

57 2284 171 2352 inclitae
208 2287 369 2370 accepisse
404 2287 529 2367 titulos,
567 2307 639 2352 cum
675 2288 782 2372 negari
817 2292 953 2369 nequeat
989 2287 1081 2371 digne
1117 2306 1176 2352 uos

56 2393 197 2458 meruisse
223 2393 358 2477 imperii,
386 2413 518 2476 quorum
546 2394 734 2476 probitatem
762 2394 899 2458 mundus
928 2393 1067 2477 agnouit.
1122 2390 1219 2457 sedt

24 2519 43 2560 a
58 2515 154 2577 parum
173 2501 224 2562 est
243 2498 390 2581 quamuis
409 2499 526 2564 iudicio
545 2499 763 2571 uniuersitatis
783 2499 941 2580 suscipere
959 2499 1028 2564 loco
1047 2498 1177 2580 praemii

56 2600 115 2677 iura
130 2604 298 2688 regnandi;
322 2604 403 2669 illud
425 2605 528 2689 magis
552 2608 601 2670 eet
623 2604 817 2683 admirabile,
837 2605 920 2688 quod
938 2605 984 2670 ita
1001 2624 1060 2670 uos
1079 2603 1177 2670 homi·

56 2725 122 2772 num
141 2709 360 2775 laudabilitate
382 2711 532 2777 formatos
557 2711 735 2795 suscipiunt
757 2711 897 2793 imperia,
916 2710 1092 2779 utiudicia
1114 2711 1178 2775 sint

57 2811 161 2880 diuina.
180 2836 243 2882 non
262 2819 312 2882 est
334 2817 466 2882 dubium
488 2819 606 2882 electos
629 2837 687 2882 uos
706 2817 876 2882 uenerabili
894 2815 1176 2898 praedestinatione

58 2917 222 2987 diuinitatis
247 2921 286 2986 ad
309 2924 415 2987 tantae
437 2923 606 3004 potestatis
630 2925 819 2999 ornamenta,
844 2941 923 3004 quos
947 2921 1085 2985 sincerae
1105 2921 1177 2985 fidei

19 3048 42 3089 re
58 3023 234 3092 documenta
262 3028 500 3094 circumuolant.
537 3048 611 3093 uere
638 3029 729 3094 uobis
753 3028 928 3110 prophetici
952 3027 1082 3110 spiritus
1106 3045 1177 3091 con·

57 3131 152 3197 renim
170 3129 268 3198 uerba
287 3133 471 3198 dixerimus:
494 3134 715 3217 priusquam
734 3138 769 3199 te
787 3133 984 3199 formarem
1002 3133 1037 3196 in
1056 3136 1174 3208 utero,
1255 3179 1270 3227 ¹,

132 3355 150 3410 d
169 3355 203 3412 cf.
221 3355 340 3428 Philipp.
359 3359 384 3423 4,
405 3358 438 3412 18
492 3359 525 3412 26
544 3357 661 3412 Hierem.
682 3359 706 3422 1,
725 3360 741 3412 5

86 3476 203 3533 aneon
226 3477 306 3534 ahiel
375 3477 459 3533 ared
481 3479 581 3550 <sicut>
600 3479 669 3533 Bar.
740 3479 936 3549 4prioipatnm
959 3477 985 3531 V
1058 3478 1097 3532 sic
1115 3494 1173 3532 cnm

58 3560 129 3634 Rea.-
149 3566 234 3621 sicum
256 3565 284 3621 V
315 3569 332 3622 5
355 3567 474 3621 diffnemt
497 3567 527 3631 V,
547 3583 615 3622 corr.
633 3567 709 3621 Ball.
728 3567 814 3623 Your.
869 3559 975 3636 quoque
994 3584 1023 3619 a:
1044 3582 1133 3638 quque
1152 3566 1178 3618 V

58 3653 155 3720 mystice
165 3653 228 3709 Gar.
265 3655 420 3725 bleguntur
437 3655 473 3709 V:
486 3653 634 3724 loquuntur
645 3655 725 3719 Bar,
735 3655 916 3725 legunthll.
931 3654 1016 3724 Tcar,
1052 3653 1175 3722 8relegi·

61 3741 138 3810 oeeV
168 3743 202 3798 12
216 3747 314 3798 ornatu
328 3742 359 3807 V,
374 3758 444 3799 oorr.
463 3741 489 3813 ρ2
526 3744 558 3798 15
576 3760 638 3798 uam
652 3743 738 3798 Bau:
756 3742 831 3796 neV
865 3743 897 3797 17
917 3739 1019 3796 inicius
1035 3741 1061 3793 V
1107 3744 1175 3796 exci-

60 3826 119 3882 tebit
138 3829 167 3894 V,
185 3846 255 3885 corr.
273 3830 350 3886 Ball.
373 3831 458 3885 Taur.
495 3829 529 3884 18
548 3832 697 3901 accepisses
717 3831 743 3883 V
778 3832 810 3885 19
829 3831 935 3900 imperii
954 3828 1090 3884 <culmen>
1105 3830 1175 3883 Bor.

63 3914 88 3968 ll
103 3917 208 3989 regendi
231 3917 264 3984 V,
282 3935 352 3974 corr.
372 3918 398 3971 ο2
417 3919 539 3989 (regendi
558 3921 583 3987 o)
655 3919 821 3973 hominorum
844 3919 877 3984 V,
896 3934 997 3988 cormp
1077 3919 1111 3971 22
1130 3919 1174 3971 fir-

65 4006 137 4061 uras
156 4007 219 4064 Gar.
265 4007 300 4062 23
319 4023 367 4061 nos
387 4005 425 4077 p²:
445 4023 506 4061 suos
530 4007 556 4061 V
602 4008 636 4062 24
653 4005 878 4061 hornamentaV
921 4008 954 4060 25
973 4004 1176 4060 circumuallari

65 4089 121 4150 Bur.
196 4095 363 4166 propheticis
385 4095 417 4160 V,
437 4111 505 4149 corr.
526 4093 553 4165 p²
615 4096 648 4150 26
668 4095 811 4149 direximus
835 4095 866 4159 V,
886 4110 953 4149 corr.
971 4095 1041 4149 Bar.
1122 4093 1175 4146 for·

69 4192 128 4236 maro
148 4182 177 4248 V,
195 4199 299 4239 corne
1133 4184 1134 4187 ’
