2864 4620
235 281 297 345 728
416 277 559 332 Hormisda
577 277 726 349 Epiphanio
738 257 875 348 'episcopo'
889 277 1184 349 Constantinopolitano

235 493 313 555 quos
342 473 521 549 obtulerint,
544 473 707 537 inseratur.
733 473 778 537 sic
802 472 882 536 enim
906 477 938 537 et
961 472 1068 537 Seueri
1091 475 1143 537 uel
1167 474 1355 556 complicum

172 567 176 575 ’
235 579 302 644 eius
330 581 386 644 aut
412 579 564 644 similium
592 580 793 644 absoluemur
820 599 920 644 errore
947 599 1003 644 nec
1031 599 1148 657 eorum,
1177 581 1231 663 qui
1254 581 1355 644 sanari

191 686 402 768 lpotueriut,
440 685 602 767 dispendia
637 686 799 769 patiemur.
838 687 922 769 quod
952 686 1022 750 ideo
1054 687 1145 751 nohis
1178 687 1356 769 specialiter

234 791 422 857 credidimus
451 792 673 875 imponendum
696 791 735 856 ad
758 790 952 876 diligentiam
976 795 1112 857 uestram
1135 796 1241 858 nostra
1265 813 1355 858 onera

232 899 464 976 transferentes,
506 898 580 981 quia
619 918 678 964 nou
719 919 816 981 parua
850 898 912 962 iam
950 899 1135 972 documenta
1169 899 1352 965 resistentes
1382 922 1423 965 ξ

232 997 396 1069 haereticis
434 1003 578 1069 edidistis
616 1023 672 1068 nec
711 1004 804 1069 debet
840 1005 877 1068 de
913 1023 948 1069 eo
986 1005 1112 1088 ambigi,
1152 1025 1244 1088 quem
1276 1007 1354 1070 bene
1392 1092 1397 1097 ι

233 1110 399 1194 eontigerit
426 1110 587 1192 explorari.
616 1110 711 1175 simul
739 1111 867 1176 adsume
894 1110 1031 1176 remedia
1052 1111 1234 1189 medicinae,
1260 1113 1354 1176 simul

233 1216 392 1300 accingere
411 1218 596 1282 auctoritate
614 1216 754 1281 iustitiae
774 1222 805 1282 st
823 1218 869 1282 sic
888 1218 969 1283 circa
987 1218 1144 1301 supplices
1158 1218 1353 1282 humanitate

232 1322 365 1398 mollire,
398 1325 433 1386 ut
465 1322 496 1385 in
529 1321 757 1386 haereticorum
789 1323 932 1406 conhgio
960 1322 1166 1406 'perdurantes
1199 1326 1255 1388 aut
1287 1342 1351 1402 eos,

233 1429 286 1510 qui
303 1428 513 1493 innocentiam
533 1427 683 1493 simulant
701 1432 822 1494 etcum
841 1429 955 1493 nostris
971 1429 1038 1494 sola
1050 1447 1128 1494 uoce
1143 1429 1351 1507 consentiunt,
1369 1451 1402 1490 ιο

232 1534 269 1597 ab
302 1534 362 1620 his,
395 1534 509 1617 quibus
542 1552 597 1615 pro
631 1534 780 1599 ecclesiae
813 1533 1074 1619 redintegratione
1093 1584 1095 1588 ,
1111 1534 1287 1599 consulitur
1322 1538 1353 1598 et

231 1639 423 1722 prouidetur,
439 1637 602 1717 excludas;
617 1659 674 1705 nec
689 1641 770 1705 enim
790 1639 914 1723 expedit
931 1639 1013 1705 circa
1030 1640 1087 1704 hos
1107 1639 1352 1705 ecclesiasticam

230 1747 401 1828 temperare
430 1763 602 1810 censuram.
630 1765 690 1810 nou
721 1747 801 1811 enim
829 1746 1007 1811 enuntiem
1035 1741 1245 1811 miserationis
1272 1747 1352 1811 hona

230 1870 289 1934 pro
323 1871 439 1930 eorum,
477 1853 591 1935 quibus
629 1853 751 1917 consuli
784 1855 915 1937 oportet,
947 1853 1134 1929 necessitate
1168 1854 1292 1932 collata,
1325 1854 1351 1918 si

187 1961 206 2026 8
229 1958 395 2024 indiscrete
418 1959 534 2024 fuerint
550 1959 641 2024 bouis
659 1959 814 2042 malisque
833 1959 1019 2024 communic.
1065 1962 1097 2024 et
1115 1959 1188 2042 quia
1205 1959 1351 2024 Hieroso·
1366 1976 1385 2016 a

229 2063 453 2146 lymitauomm
480 2085 603 2148 quoquc
630 2065 803 2132 faciendam
830 2064 961 2130 credidit
987 2065 1018 2130 iu
1050 2065 1164 2130 litteris
1197 2066 1264 2131 suis
1297 2068 1351 2130 tna

202 2168 355 2246 dilectio
387 2171 587 2249 mentionem,
619 2191 751 2255 quorum
783 2171 877 2236 etiam
909 2171 947 2242 ad
979 2191 1035 2236 nos
1068 2172 1220 2255 quaedam
1249 2171 1351 2236 delata

229 2276 381 2358 professio
405 2280 464 2355 est,
482 2278 693 2343 necessarium
712 2278 857 2343 duximus
875 2278 929 2343 uel
946 2296 1115 2357 recensere,
1136 2297 1214 2360 quae
1235 2279 1351 2362 scripta

230 2385 313 2459 suut,
336 2383 389 2447 uel
411 2383 606 2466 respondere,
631 2391 709 2469 quae
733 2402 878 2468 congrua.
903 2384 957 2467 qui
981 2383 1008 2449 si
1031 2387 1208 2448 sanctorum
1227 2387 1351 2469 patrum

230 2488 402 2553 constituta
424 2489 616 2568 custodiunt,
642 2489 669 2554 si
693 2488 844 2556 illafidei
865 2488 1068 2554 fundamenta
1090 2492 1288 2568 uenerantur,
1313 2490 1350 2553 ab
1368 2509 1392 2547 ro

228 2594 289 2671 his,
317 2612 397 2676 quae
424 2614 480 2677 per
507 2614 560 2661 eos
589 2598 696 2660 sancto
724 2595 837 2679 spiritu
866 2592 1094 2680 compungente
1118 2594 1244 2684 delinita
1266 2599 1351 2675 sunt,

228 2719 288 2764 uon
315 2700 470 2767 recedant.
495 2705 550 2766 aut
572 2702 653 2766 enim
676 2703 816 2784 perfecta
838 2705 921 2780 srrnt,
943 2701 989 2766 ita
1011 2703 1048 2767 ut
1079 2703 1162 2778 suut,
1186 2704 1218 2766 et
1249 2700 1351 2766 adiec-

227 2805 311 2870 tione
334 2826 394 2871 non
422 2806 579 2891 indigent,
609 2811 664 2873 aut
689 2808 767 2872 beno
795 2807 900 2872 ualida
935 2809 967 2872 et
996 2805 1066 2872 ideo
1098 2825 1159 2872 non
1190 2807 1353 2887 mutanda,

229 2910 428 2995 quandoper
454 2931 492 2977 ea
519 2914 623 2978 omnia
649 2915 876 2979 haeretieorum
903 2933 1023 2979 uenena
1051 2932 1234 2997 compressa
1266 2919 1353 2978 sunt.

184 3026 284 3088 9nec
316 3018 483 3101 quicquam
517 3019 756 3086 calcedonensis
789 3020 936 3105 synodus,
969 3019 1053 3102 quod
1084 3020 1162 3084 utile
1193 3019 1356 3102 quaelibet
1372 3039 1399 3079 en

227 3121 390 3207 diligentia
416 3125 573 3206 potuisset
596 3124 781 3209 excogitare,
804 3125 972 3208 praeteriit,
997 3145 1074 3209 quae
1096 3124 1356 3210 praecedentium

227 3245 350 3313 quoque
370 3229 516 3314 dogmata
530 3232 583 3295 uel
598 3231 711 3296 clarius
725 3231 941 3297 manifestauit
953 3232 1005 3296 uel
1019 3231 1151 3315 repetita
1165 3231 1355 3297 auctoritate

226 3335 373 3415 firmauit,
402 3337 537 3418 speciale
566 3337 723 3420 quoddam
751 3337 901 3404 aduersus
927 3337 1110 3403 Nestorium
1134 3340 1166 3401 et
1187 3337 1356 3420 Eutychen

226 3441 375 3526 adgressa
389 3446 554 3521 certamen,
570 3445 703 3509 alterum
722 3443 870 3509 deitatem
891 3444 1008 3510 domini
1026 3442 1124 3509 nostri
1142 3443 1214 3507 Iesu
1234 3441 1358 3509 Christi

261 3634 277 3685 2
295 3632 464 3688 absoluemus
483 3635 582 3688 errores
596 3634 691 3702 Hisp.;
709 3633 883 3688 absoluantur
896 3647 982 3689 errore
996 3633 1058 3705 legit
1068 3634 1199 3705 interpres
1233 3634 1249 3686 6
1263 3633 1358 3688 reddi-

225 3719 303 3774 distis
320 3721 403 3791 Hisp.
467 3723 662 3792 hcoutagione
679 3722 762 3791 Hisp.
822 3724 854 3778 13
872 3724 926 3776 ianr
943 3721 1038 3792 Hespe
1057 3721 1154 3779 θυι]
1212 3723 1244 3776 15
1263 3721 1357 3776 hiero·

224 3807 486 3864 solimItanorumV
572 3812 605 3865 16
624 3827 730 3880 quoque
748 3829 798 3866 om.
816 3811 908 3881 Hiap„
985 3809 1099 3866 credidit
1115 3826 1166 3865 om.
1184 3805 1215 3863 ‘V
1299 3811 1359 3866 suis

224 3915 275 3953 om.
294 3899 375 3968 chp.
430 3899 463 3955 18
480 3916 619 3954 recensere
641 3901 678 3953 V:
697 3902 813 3970 recipere
834 3900 919 3955 Gonu.
939 3899 993 3966 (uel
1011 3912 1146 3954 recensere
1165 3913 1233 3968 quac
1252 3898 1361 3970 scripta

224 3989 287 4041 suut
305 3987 349 4041 uel
366 4004 417 4042 om.
435 3987 456 4056 l)
538 3989 570 4043 21
590 3989 686 4059 spiritu
705 3992 796 4042 sancto
816 3990 990 4058 componente
1008 3987 1089 4056 Hisp.
1130 3976 1131 3979 ¹
1174 3986 1209 4041 22
1226 3987 1361 4043 recedent

223 4075 331 4130 Fronto
354 4076 424 4131 Duc.
495 4075 530 4130 28
558 4077 681 4131 eutichen
709 4077 740 4140 V,
769 4077 873 4131 euticen
894 4074 949 4140 ίῳ,
977 4076 1092 4130 euticem
1113 4074 1147 4129 dl:
1175 4075 1361 4144 Eutychetem

226 4165 311 4220 Gouc.
