2864 4620
555 300 641 370 spur.
661 298 795 354 cnnvnr
814 299 890 353 a-e.
1218 301 1283 364 623

155 515 290 578 superna
330 494 492 572 destituit3
535 495 649 560 etenim
696 495 852 559 ueraciter
896 493 1048 577 seriptum
1094 495 1158 559 est:
1204 491 1284 556 nisi

159 602 343 668 dominus
374 601 626 667 custodierit
653 601 887 679 ciuitatem,
916 601 955 664 in
983 618 1082 664 uano
1106 599 1285 683 uigilant

158 708 224 790 qui
253 708 499 773 custodiunt
525 727 616 771 eam.
684 706 818 772 bellabis
846 709 881 771 tu
909 706 1036 788 quidem
1064 705 1170 771 diuino
1193 706 1283 768 tutus
1307 709 1328 772 5

158 814 283 892 auxilio,
316 813 577 880 excellentissime
608 815 763 897 princeps,
798 816 830 878 et
860 815 934 878 tuae
965 813 1011 877 rei
1037 811 1283 895 publicae-iugo

127 920 424 985 aferocissimarum
456 921 599 1003 gentium
630 921 712 985 colla
742 919 922 996 submittes,
954 911 1010 982 sed
1040 919 1127 984 nulla
1153 917 1286 982 uictoria

158 1026 264 1109 potest
287 1035 400 1096 (esse)
424 1025 641 1108 praestantior,
660 1045 753 1108 qnam
772 1024 856 1106 quod
874 1024 1002 1089 humani
1020 1023 1145 1088 hostem
1164 1023 1285 1107 generis

157 1133 231 1213 post
254 1132 398 1213 quaesita
419 1137 485 1195 tam
503 1130 589 1214 longi
608 1131 759 1212 temporis
781 1130 976 1195 firmamenta
999 1129 1167 1196 subuertit.
1190 1129 1285 1194 enim·
1309 1134 1329 1197 6

158 1255 233 1302 uero
253 1239 428 1302 ceterorum
442 1241 554 1301 natura
567 1237 758 1319 proeliorum
773 1237 922 1301 distincta
936 1235 1093 1320 gentibus,
1106 1234 1286 1318 regionibus

158 1343 336 1420 terminata,
361 1361 469 1408 cruore
492 1343 631 1425 polluta:
654 1343 731 1408 hacc
755 1361 844 1407 omne
867 1360 965 1425 genus
988 1342 1159 1405 humanum
1181 1340 1287 1423 palma

117 1471 142 1510 ro
160 1448 390 1531 complectitur,
414 1449 497 1513 hunc
521 1448 667 1513 omnibus
690 1448 871 1533 regionibus
894 1446 1064 1530 imputabis
1090 1446 1286 1529 triumphum

161 1557 202 1631 et,
227 1553 311 1637 quod
335 1554 460 1619 diuinae
482 1554 658 1636 proximum
680 1554 793 1637 pietati
816 1554 875 1631 est,
900 1553 953 1635 qui
975 1553 1069 1634 paulo
1093 1555 1165 1617 ante
1188 1552 1286 1617 ductu

160 1659 279 1724 diaboli
305 1661 537 1749 grassabantur,
565 1679 648 1726 nunc
675 1660 714 1725 acl
740 1660 883 1743 propriae
911 1659 1023 1731 salutis
1050 1658 1196 1723 effectum
1219 1658 1286 1723 sine

161 1766 323 1849 sanguinis
347 1766 498 1832 effusione
520 1762 699 1833 uincuntur.
765 1845 767 1848 Ι
786 1765 911 1830 durabit
927 1764 1026 1853 igitur
1042 1765 1137 1829 buius
1157 1764 1286 1830 Christi·
1310 1770 1327 1833 7

161 1889 237 1935 anae
268 1870 420 1936 uictoriae
450 1891 506 1955 per
538 1891 651 1936 aeuum
681 1872 871 1956 triumphus,
903 1890 1004 1953 neque
1032 1871 1114 1935 enim
1140 1873 1288 1954 poterunt

119 2002 144 2042 rs
159 1976 230 2041 labe
262 1977 412 2058 temporis
444 1977 571 2055 aboleri,
604 1996 683 2060 quae
714 1977 746 2041 in
779 1977 986 2060 sempiternae
1013 1976 1085 2041 fidei
1112 1971 1286 2042 stabilitate

160 2082 291 2147 lundata
331 2084 420 2159 sunt;
462 2084 657 2165 permanebit
696 2084 788 2167 longe
828 2084 955 2165 lateque
991 2086 1169 2149 uestrorum
1204 2081 1287 2146 fama

160 2188 317 2253 factorum
345 2192 386 2267 et,
415 2188 499 2254 sicut
530 2189 646 2254 diuinis
679 2189 872 2272 designatur.
891 2188 1035 2271 eloquiis,
1067 2188 1107 2253 in
1139 2198 1286 2253 omnem

163 2292 312 2359 terram
335 2295 465 2360 eniuit
488 2314 612 2361 sonus
635 2314 769 2360 eorum
788 2298 825 2359 et
841 2295 882 2367 iu¹
899 2295 1005 2360 fines
1025 2294 1135 2360 orbis
1153 2297 1286 2358 terrae
1397 2301 1398 2304 ’

163 2399 285 2473 uerba
312 2420 455 2466 eorum.
485 2405 517 2466 et
540 2401 651 2466 ceteris
675 2399 802 2482 quidem
824 2401 917 2466 bellis
941 2420 1032 2485 agros
1055 2400 1149 2464 urbes
1173 2397 1288 2482 oppida
1309 2396 1329 2459 8

118 2527 145 2566 ao
161 2505 225 2583 uel,
249 2506 333 2587 quod
354 2508 548 2589 postremum
572 2507 630 2580 est,
650 2505 864 2570 subiectorum
882 2506 1060 2570 libertatem
1077 2506 1187 2582 tueris,
1207 2521 1285 2586 quae

162 2611 392 2684 mor<t>alium
431 2612 542 2677 usibus
579 2614 757 2693 comparata
797 2612 901 2687 simili¹
917 2613 1072 2701 quonlam
1096 2611 1286 2677 mortalitate

163 2714 314 2781 soluenda
331 2757 334 2760 -
349 2718 438 2780 sunt:
474 2717 506 2780 in
542 2717 601 2781 hoc
639 2716 807 2781 certamine
844 2716 913 2781 uita
946 2716 1017 2800 ipsa
1048 2716 1224 2782 defenditur
1255 2719 1287 2782 et

163 2820 391 2902 quodammodo
421 2822 504 2893 <de>
539 2821 746 2902 sempiternae
772 2822 978 2898 beatitudinis
1014 2842 1083 2887 arce
1118 2825 1285 2907 pugnatur.

164 2925 309 3007 quocirca
336 2927 515 2991 continuam
536 2926 616 2990 tanti
639 2925 742 3008 operis
766 2930 934 3009 apparatus
958 2927 1140 2992 clementiae
1162 2930 1286 2992 uestrae
1310 2926 1333 2988 9

122 3028 367 3096 uiolentiorem
393 3030 534 3112 requirit.
562 3031 666 3110 facite,
690 3034 727 3096 ut
749 3032 871 3097 nullum
894 3051 1022 3114 prorsus
1043 3033 1286 3116 receptaculum,

165 3156 200 3200 ex
219 3156 280 3219 quo
298 3156 407 3202 rursus
425 3137 673 3202 immanissimus
691 3138 793 3203 hostis
817 3141 965 3222 emergat,
986 3138 1141 3216 inueniat;
1165 3138 1286 3203 cunctis

164 3261 236 3306 eum
263 3241 376 3306 nudate
403 3243 568 3324 praesidiis
596 3245 637 3319 et,
665 3244 693 3308 si
720 3244 796 3325 quid
823 3263 957 3325 usquam
983 3244 1191 3327 uestigiornm
1218 3245 1286 3308 eius
1311 3251 1315 3258 ’

163 3347 320 3430 reliquum
351 3351 409 3426 est,
440 3349 474 3413 id
506 3342 597 3413 omne
630 3349 776 3414 clementi
811 3349 948 3415 remedio
984 3352 1159 3434 repurgate.
1197 3368 1287 3414 omne

166 3454 320 3536 nequitiae
335 3474 461 3538 germen
479 3455 620 3519 funditus
639 3459 775 3533 eruatur,
795 3456 927 3520 aduersa
945 3456 1001 3521 deo
1021 3457 1101 3538 stips
1120 3456 1160 3520 ad
1177 3455 1288 3520 uiuum

254 3643 267 3696 1
286 3643 384 3699 Psalm.
406 3645 465 3710 126,
486 3646 498 3700 l
555 3647 587 3700 17
605 3646 703 3700 Psalm.
724 3646 765 3710 18,
784 3649 800 3701 t

200 3750 333 3804 tuarum
352 3769 366 3821 ρ
385 3767 445 3806 cum
466 3752 586 3822 Vulqctc
663 3752 756 3805 besse
772 3751 920 3822 {memetp
994 3752 1026 3806 10
1043 3749 1201 3820 importabis
1219 3750 1288 3803 Bor.

166 3837 198 3891 11
217 3838 328 3908 pietatis
350 3839 381 3904 V,
400 3856 503 3895 corno
592 3841 624 3895 12
642 3839 740 3894 effectu
762 3839 793 3903 V,
811 3855 880 3894 corr.
900 3857 918 3890 α
990 3841 1022 3894 15
1042 3832 1203 3909 sempiterna
1219 3838 1288 3891 Bor.

165 3926 199 3979 16
217 3926 387 3996 permanebit
404 3926 431 3996 ρ2
528 3929 563 3983 20
575 3943 732 3999 supremum
750 3929 819 3983 Bar.
923 3929 955 3981 21
974 3927 1114 3982 moralium
1137 3927 1169 3991 V,
1188 3941 1289 3995 comp

166 4012 281 4081 quadam
297 4014 367 4069 Bar.
420 4017 454 4071 23
473 4017 506 4070 do
525 4016 590 4072 cdd.
609 4011 718 4081 Hortel,
737 4033 785 4086 pro
807 4015 871 4071 Gor.
928 4015 1063 4070 -archeV
1113 4015 1147 4069 28
1166 4014 1290 4069 clementi

166 4101 283 4155 remedio
302 4102 338 4172 (l)
354 4104 431 4159 Cam:
451 4105 590 4160 clementis
603 4105 722 4159 remedia
744 4105 767 4156 V
811 4106 845 4158 29
860 4108 968 4159 eruatur
981 4103 1018 4158 0²:
1038 4106 1159 4158 seruatur
1176 4101 1203 4155 V
1257 4101 1290 4155 (le

164 4190 251 4257 oetips
273 4190 305 4254 V,
324 4193 442 4247 correct:
462 4192 512 4255 deo
530 4194 612 4264 stirps
631 4191 658 4262 ρ’

218 4311 301 4354 xxxv
313 4324 368 4364 pm
380 4316 401 4355 a.
1190 4296 1226 4351 40
