2864 4620
449 311 452 317 .
529 272 615 344 Epist.
634 269 808 327 ccxxxssll
825 267 921 327 6-1'2.
1167 294 1169 298 '
1222 275 1286 338 713

165 485 235 532 oum
263 466 385 531 laetitia
410 465 571 542 referetur,
600 484 658 548 pax
685 484 760 529 nero
782 466 813 529 in
836 468 920 530 terra
942 464 1188 543 confirmabitur,
1206 463 1288 531 bone

164 575 270 638 antem
298 574 446 649 uoluntas
473 572 504 635 in
531 571 679 637 fidelibus
706 571 881 636 communis
909 570 1025 636 domiui
1057 574 1089 636 et
1120 570 1287 636 saluatoris

161 679 237 744 Iesu
261 677 378 745 Christi
398 679 452 745 dei
474 679 573 743 nostri
597 678 698 743 seruis
720 677 879 743 fundetur.
903 677 1039 742 adicient
1056 676 1155 760 igitur
1171 676 1287 742 uostris
1299 675 1339 738 10

156 787 322 870 supplicat
323 785 457 862 ionibus,
477 783 560 868 qnod
574 784 680 849 minus
694 784 885 862 dictumest,
901 783 1053 848 Iohannes
1069 782 1287 848 sanctissimus

123 914 144 955 ι
162 893 330 977 episcopus
366 890 655 988 claudiopolitanae
691 889 831 957 ciuitatis
867 894 973 955 noster
1008 888 1223 954 comminister
1257 890 1288 952 et

160 997 368 1074 Heraclianus
382 997 653 1062 reuerentissimns
668 997 830 1080 presbyter
847 998 936 1060 sanct
937 1013 973 1060 ae
990 993 1116 1059 maioris
1136 992 1287 1058 ecclesiae

163 1106 196 1168 et
209 1086 405 1168 cohabitator
412 1100 572 1191 praedicti
591 1099 783 1167 sanctissimi
802 1097 1029 1182 archiepiscopi
1047 1101 1079 1163 et
1094 1097 1287 1181 patriarchae

161 1207 328 1292 Epiphanii
347 1209 379 1272 et
393 1205 617 1273 Constantinus
631 1206 681 1271 nir
695 1206 968 1272 reuerentissimus
977 1203 1133 1269 '‘diaconus
1148 1202 1287 1269 eiusdem

162 1316 289 1380 sauctae
316 1312 478 1391 ecelesias,
507 1312 561 1394 qui
587 1312 804 1395 probationem
830 1310 880 1376 sui
907 1315 1010 1377 rectae
1036 1308 1111 1375 fidei
1133 1312 1166 1374 et
1187 1309 1287 1374 bonae

113 1444 144 1505 ro
163 1417 339 1494 uoluntatis
376 1405 452 1484 olim
487 1418 549 1496 his,
586 1417 639 1500 qni
670 1436 688 1481 a
718 1421 826 1484 uestra
857 1415 1030 1500 apostolica
1061 1415 1134 1480 sede
1165 1415 1288 1480 fuerant
1401 1403 1405 1414 '

164 1524 284 1602 directi,
313 1523 435 1589 dedisse
464 1526 705 1607 cognoscuntur,
733 1522 820 1608 digni
843 1525 950 1588 autern
973 1525 1005 1588 et
1025 1524 1150 1587 uestrae
1173 1520 1287 1586 sancti·
1331 1585 1333 1590 ,

160 1626 239 1696 ἰιιίι
263 1633 295 1695 et
312 1629 547 1695 ministratione
569 1630 656 1711 pacis
680 1632 713 1695 at
733 1630 852 1713 gratiae
875 1627 993 1693 domiui
1010 1628 1082 1693 Iesu
1101 1622 1218 1694 Christi
1237 1625 1286 1690 dei

163 1736 263 1802 nostri
284 1739 317 1801 et
337 1735 488 1801 unitionis
507 1738 684 1800 sanctarum
703 1732 906 1802 ecclesiarum
918 1733 1188 1800 monstrabuntur.
1208 1749 1286 1814 quos
1298 1734 1336 1797 11

164 1841 491 1925 speramuslaetantes
509 1841 542 1906 in
561 1840 686 1906 domiuo
706 1845 738 1906 et
754 1859 863 1923 pacem
883 1840 1089 1918 desideratam
1107 1837 1286 1903 nuntiantes

119 1971 147 2009 as
163 1948 203 2013 ad
225 1940 282 2013 nos
306 1947 400 2013 citius
422 1946 538 2012 nestris
563 1947 620 2012 deo
644 1946 873 2018 ama<bi>libns
896 1944 1140 2028 correctionibus
1159 1943 1286 2008 edoctos

162 2051 299 2119 remeare
314 2053 495 2137 dignemini.
508 2071 632 2118 omnem
649 2052 681 2116 in
700 2052 825 2118 Christo
843 2044 1069 2116 fraternitatem
1087 2069 1144 2115 nos
1163 2067 1286 2133 quoque

164 2164 195 2223 st
218 2159 271 2243 qui
294 2159 457 2224 uobiscum
480 2161 556 2223 sunt
577 2157 749 2242 plurimum
772 2157 957 2224 salutamus.

206 2285 245 2329 nn
270 2283 541 2329 sussoarrnronus:
1019 2285 1020 2288 ¹
1061 2341 1063 2346 ,
1169 2344 1172 2350 .
1297 2263 1337 2326 12

207 2362 401 2455 Theophilus
424 2371 639 2437 misericordia
661 2370 711 2435 dei
734 2371 899 2453 episcopus
916 2367 1127 2435 Heracliensis
1145 2365 1284 2431 ciuitatis

127 2498 152 2536 so
164 2477 422 2561 metropolitanus
438 2477 638 2542 subscribens
651 2475 683 2541 in
699 2476 901 2560 synodalibus
915 2476 1018 2541 saluto
1032 2493 1089 2549 uos
1103 2473 1135 2541 in
1149 2470 1284 2550 domino,

165 2581 299 2647 domine
1276 2602 1279 2606 “

205 2686 379 2752 Basiliscus
416 2670 631 2751 misericordia
667 2684 716 2750 dei
753 2686 919 2769 episcopus
948 2685 1114 2768 Cyzicenus
1145 2681 1284 2798 ciuitatis

162 2811 213 2856 me
216 2791 422 2874 tropolitanus
444 2793 608 2874 utsupra

208 2897 384 2981 Stephanus
403 2896 616 2963 misericordia
634 2897 684 2961 dei
703 2897 869 2980 episeopus
887 2893 1125 2961 Nicomedensis
1144 2893 1283 2959 ciuitatis

125 3003 422 3085 ametropolitanus
445 3005 483 3068 ut
504 3022 608 3084 supra.
779 3071 781 3075 ,

206 3109 313 3174 Esaias
341 3108 556 3174 misericordia
584 3107 634 3173 dei
658 3108 823 3191 episcopus
845 3107 986 3173 Rhodiae
1008 3057 1129 3173 ciuitat
1121 3125 1162 3171 ιι
1106 3107 1283 3170 tmerot·

161 3213 319 3296 politanus
341 3216 385 3278 nt
400 3231 502 3294 supra.

204 3318 391 3384 Anastasius
422 3318 637 3384 misericordia
669 3318 720 3383 dei
751 3317 917 3401 episcopus
952 3316 1105 3381 Nicaeuae
1144 3312 1283 3381 ciuitatis

160 3425 421 3507 metropolitanus
445 3427 608 3508 utsupra.

197 3718 361 3773 lreleratur
382 3710 415 3782 V,
433 3733 501 3772 corr.
519 3717 588 3772 Bar.
625 3716 916 3771 boomministratoro
956 3715 1054 3769 9snae
1072 3712 1100 3768 o²
1135 3713 1165 3778 ll
1186 3700 1291 3783 cogno?

158 3807 244 3861 scitur
261 3805 293 3868 V,
311 3822 378 3861 corr.
394 3805 456 3868 Car.
512 3805 545 3858 12
564 3808 591 3858 et
608 3803 840 3864 administratione
861 3803 927 3859 Car,
978 3801 1078 3857 domini
1090 3800 1282 3856 <nostum-Uar.

160 3897 194 3950 15
213 3894 342 3949 smalihus
365 3892 398 3958 V,
417 3909 485 3947 corr.
504 3911 518 3944 o
556 3892 589 3946 16
606 3891 742 3945 remittere
761 3889 788 3962 p²
823 3891 857 3944 22
875 3889 1019 3960 Cyzicenae
1038 3888 1156 3944 ciuitatis
1174 3888 1283 3957 scripsi:

159 3982 360 4053 qnialoineoium
389 3981 420 4046 V,
445 3979 631 4051 Cyzicenorum
658 3978 706 4033 ael
728 3977 938 4048 Cyzicinensinm
965 3974 1044 4032 Threi
1071 3977 1163 4044 (ettam
1189 3977 1219 4033 la
1246 3976 1283 4029 eis

156 4087 229 4141 qaue
251 4075 401 4139 sequamur
421 4069 593 4133 uocabulum,
612 4067 685 4136 quood
706 4073 745 4121 est
767 4067 893 4131 ciuitatis,
910 4082 1012 4134 seasper
1032 4065 1100 4134 ciple
1124 4066 1166 4119 eiu
1178 4065 1283 4157 pietatus

158 4163 207 4227 est)
261 4156 437 4214 abroditis
485 4157 520 4211 28
538 4158 631 4210 nicene
653 4155 681 4210 V
