2864 4620
254 301 318 365 596
613 295 757 350 Hormisda
773 295 878 350 Iustino
897 295 1020 366 Angusto
1081 271 1104 374 ⁷¹

211 490 341 557 5noui
368 494 415 556 te.
452 490 491 555 ad
524 489 605 554 hanc
637 507 696 553 uos
730 488 862 573 gloriam
892 490 1200 572 incomprehensibili
1232 511 1389 575 supernae

253 597 429 663 maiestatis
453 595 660 680 dispositione
681 599 867 678 procurante
896 596 1082 679 obsequium
1110 603 1239 663 naturae
1267 597 1388 663 mundo

253 703 397 787 protulit,
422 703 481 768 sub
507 685 651 767 custodia
673 701 746 766 fidei
768 703 945 781 transactae
968 702 1052 767 uitae
1079 703 1219 787 probitas
1246 703 1390 775 instituit

255 815 348 892 atque
372 808 411 873 ad
433 809 566 891 imperia
593 807 759 872 clementia
786 807 895 872 diuina
920 809 1070 890 perrexit,
1099 810 1137 874 ob
1164 811 1224 874 hoc
1251 809 1388 887 scilicet,

253 921 291 982 ut
309 916 434 980 tandem
453 913 621 996 aliquando
632 913 833 979 diuisoribus
847 913 996 979 dominici
1014 916 1152 998 corporis
1169 915 1243 982 fidei
1260 918 1389 989 nestrae
1417 937 1428 978 s

255 1022 452 1088 exsecutione
472 1020 661 1103 compressis
680 1020 884 1085 ecclesiarum
903 1021 1068 1085 concordia
1086 1022 1239 1087 diabolica
1256 1021 1389 1106 impedi-

254 1132 361 1194 menta
383 1127 559 1193 succideret
582 1129 615 1191 et
636 1126 828 1190 uniuersitas
852 1125 891 1192 de
918 1126 1105 1192 adunatione
1131 1127 1289 1211 gauderet.
1329 1128 1388 1193 hoc

253 1235 410 1320 religioni,
432 1235 494 1300 boc
516 1233 601 1312 fidei,
623 1232 684 1297 boc
708 1233 869 1298 serenitati
895 1235 1020 1297 nestrae
1047 1233 1226 1317 specialiter
1252 1234 1388 1300 caelitus

254 1341 422 1406 mandatur
439 1339 589 1418 officium,
609 1339 724 1421 quibus
744 1342 776 1404 et
792 1357 886 1423 posse
904 1339 1008 1404 omnia
1026 1341 1058 1404 et
1074 1339 1221 1423 perficere
1238 1341 1389 1406 uidemus

212 1447 424 1524 sindultum.
481 1447 589 1528 itaque
621 1446 706 1510 sieut
737 1444 924 1510 instituistis
956 1446 1067 1523 lacere,
1099 1448 1214 1511 nauata
1245 1447 1390 1530 suscepti
1424 1482 1426 1503 ι

255 1553 357 1637 operis
389 1572 519 1630 munus,
556 1551 639 1634 quod
672 1569 808 1632 superna
839 1551 931 1616 uobis
963 1550 1162 1634 prouidentia
1192 1553 1310 1617 uidetis
1342 1553 1388 1618 iu-

254 1661 408 1724 innctum.
447 1662 479 1723 et
505 1677 580 1725 uere
608 1657 654 1722 sic
674 1653 867 1736 'decuit‚·nt
896 1677 953 1741 per
982 1658 1154 1742 principem
1184 1677 1244 1742 pax
1274 1658 1391 1724 debeat

255 1765 334 1842 fieri,
359 1783 460 1846 quam·
475 1763 651 1829 reuerentia
673 1763 850 1828 diuinitatis
873 1764 1029 1847 exposcit:
1053 1763 1124 1828 date
1146 1764 1204 1828 bas
1227 1764 1391 1847 adsumpti

257 1871 314 1935 deo
337 1872 445 1935 nostro
469 1869 645 1935 ¹oblationes
667 1869 800 1953 imperii,
823 1873 860 1935 ut
882 1889 937 1953 per
959 1889 1017 1936 uos
1040 1871 1142 1954 possit
1158 1871 1245 1953 pacis
1262 1871 1390 1936 fructus

256 1976 390 2059 impleri.
428 1975 495 2040 sine
523 1974 619 2041 dubie
644 1975 793 2059 quicquid
815 1977 873 2041 tali
895 1977 977 2042 facto
1000 1976 1122 2040 animae
1144 1980 1268 2041 nestrae
1289 1978 1392 2042 fuerit
1409 2002 1432 2040 κ

216 2097 233 2160 p
257 2082 454 2164 praestitum,
475 2100 492 2146 a
514 2082 606 2146 uobis
629 2081 745 2147 mundo
768 2082 925 2147 indicatur
946 2082 1132 2166 impensum.
1182 2103 1333 2166 magnum
1356 2087 1393 2149 et

257 2187 488 2253 inaestimabile
512 2192 571 2263 est,
595 2188 785 2253 uenerabilis
807 2188 986 2271 imperator,
1009 2191 1137 2271 propter
1163 2188 1246 2271 quod
1272 2189 1393 2255 adsciti

258 2293 334 2358 estis
361 2293 480 2358 iudicio
509 2293 697 2358 diuinitatis.
734 2289 956 2359 distenduntur
982 2313 1054 2358 ecce
1077 2298 1153 2359 uota
1173 2311 1283 2378 pacem
1307 2294 1391 2360 desi·

258 2399 444 2477 derandum,
463 2400 610 2488 diutnmi
636 2400 786 2482 temporis
813 2402 917 2464 tractu
943 2399 1061 2465 maeret
1083 2401 1286 2466 ecclesiarum
1308 2401 1391 2466 indi-

257 2506 395 2572 uisibilis
420 2504 847 2597 discissacommnnia'non
869 2506 936 2571 sine
960 2506 1080 2590 gemitu
1103 2506 1259 2589 discrepat
1279 2508 1392 2573 frater·
1426 2544 1428 2562 t

216 2628 235 2691 8
258 2611 352 2690 nitas,
368 2630 440 2676 eum
460 2611 543 2677 circa
559 2614 683 2696 patrum
699 2612 845 2696 dogmata
862 2612 950 2676 uaria
968 2612 1010 2676 sit
1027 2613 1185 2680 uoluntas.
1231 2613 1390 2699 accingite

257 2734 331 2802 argo
350 2718 475 2784 lumbos
494 2717 617 2783 uiribus
635 2707 724 2793 fidei}
748 2718 868 2795 uidete,
890 2718 942 2782 cui
964 2736 1022 2783 uos
1044 2718 1111 2802 regi
1133 2718 1283 2784 diuinitas
1306 2721 1391 2788 uelit

257 2823 399 2907 obsequi,
417 2825 570 2907 quantum
593 2825 637 2889 sit
657 2824 739 2908 quod
758 2843 813 2908 per
831 2842 889 2889 uos
907 2827 1054 2907 procurat
1070 2824 1210 2909 impleri:
1234 2825 1388 2895 ccclesiae

257 2930 450 2996 uenerandae
482 2949 606 3014 corpus,
640 2930 724 3013 qnod
760 2929 885 3013 propria
918 2929 1062 2997 Christus
1098 2933 1205 2996 noster
1237 2935 1387 3014 passione

256 3035 411 3115 fundauit,
430 3037 547 3120 gloriae
569 3039 694 3101 uestrae
717 3035 854 3101 adunare
876 3036 970 3101 factis
992 3035 1142 3103 inst'tuit.
1165 3043 1224 3101 non
1244 3041 1304 3115 est,
1324 3057 1386 3120 qno
1403 3060 1425 3102 u

258 3140 360 3226 magis
388 3142 472 3207 circa
497 3159 557 3207 uos
585 3127 704 3226 gratiae
732 3160 884 3224 supernae
911 3141 1060 3206 maiestas
1083 3141 1217 3221 eluceat,
1240 3163 1335 3225 quam
1359 3147 1387 3211 si

259 3247 408 3314 ecclesiae
441 3268 554 3332 corpus
590 3268 647 3332 per
682 3252 824 3314 uestrum
860 3251 1020 3332 reparetur
1051 3248 1190 3314 officinm
1223 3251 1386 3334 sanguinis

214 3369 234 3432 9
258 3352 405 3419 dominici
436 3355 649 3437 redemptione
680 3355 859 3427 formatum.
923 3356 972 3418 est
999 3354 1125 3437 quidem
1153 3374 1265 3420 causae
1290 3356 1384 3422 huius

211 3489 215 3498 ·
257 3459 477 3524 uetustissima
500 3461 673 3538 calamitas,
702 3461 758 3525 sad
780 3479 835 3542 pro
858 3459 1053 3525 immanitate
1077 3461 1127 3526 sui
1148 3462 1388 3528 recentissimus

258 3563 347 3638 dolor
378 3567 410 3630 et
440 3569 528 3630 tanto
562 3565 748 3631 Christianis
785 3566 897 3631 animis
933 3566 1043 3632 fortior
1079 3568 1231 3651 gemitus,
1269 3570 1384 3650 quanto

291 3841 494 3910 2magiestatis
518 3841 544 3893 V
629 3841 801 3912 3pr0bitans
824 3843 851 3897 V
931 3843 952 3905 ι4
971 3842 1105 3913 adqueV
1174 3840 1296 3914 prouexit
1314 3846 1382 3900 Bor.

256 3930 273 3982 5
292 3927 421 3982 diuisores
447 3927 475 3993 V,
493 3943 561 3984 corr.
581 3928 608 4000 ρ2
660 3930 676 3982 7
686 3929 869 3986 λειιοοοᾰθτοιιὺ
891 3931 922 3995 V,
941 3947 1009 3988 corr.
1028 3932 1098 3986 Bar.
1154 3932 1190 3990 13,
1206 3935 1340 4002 exposscit
1362 3933 1386 3987 V.

257 4014 421 4070 adsumtiV
473 4017 506 4069 14
524 4018 624 4086 possuit
647 4017 674 4070 V
741 4019 814 4086 pacis
833 4035 865 4072 ecc
882 4019 1021 4089 pancisV
1075 4022 1107 4074 17
1127 4019 1214 4080 adsiti¹
1232 4020 1262 4086 V,
1282 4037 1383 4076 corr-c

258 4103 291 4156 la
308 4106 394 4156 meret
412 4100 450 4158 0²:
468 4107 582 4158 mereret
604 4105 630 4157 V
680 4106 714 4159 20
733 4105 843 4159 dississa
865 4104 892 4158 V
951 4107 985 4159 22
1003 4108 1061 4177 regi
1082 4105 1121 4162 V:
1138 4110 1176 4162 rei
1196 4107 1222 4177 9²
1275 4110 1309 4165 26
1328 4125 1381 4162 ma·

256 4194 346 4261 gestas
369 4191 396 4244 V
634 4194 635 4197 ’
