2864 4620
221 299 284 364 516
481 293 615 360 lndicnlus
635 292 713 346 datus
733 292 852 347 Ennodio
870 293 1015 346 Fortunato
1036 297 1085 346 ctc.

220 491 326 555 nullus
351 508 419 553 esse
441 490 547 570 potest
569 487 767 564 orthodoxae,
786 487 857 565 ista,
879 498 1014 569 (quam)
1035 488 1127 552 debet
1145 487 1345 553 sacerdotnm

171 594 408 680 13generalitas
431 598 535 658 tencre
560 599 591 658 et
613 593 817 676 praedicando
842 597 985 657 seruare'.
1048 595 1076 658 si
1099 593 1210 657 dixerit
1231 596 1346 659 ‘ortlro-

224 703 292 766 doxi
330 705 403 766 sunt
439 701 591 782 episcopi,
630 699 667 763 de
704 699 884 763 constitutis
920 703 1043 782 patrum
1079 720 1139 764 non
1176 700 1346 776 recedunt',

223 807 393 888 respondes
429 809 511 890 ‘ergo
541 806 568 870 si
596 806 767 870 constituta
792 807 916 887 patrum
950 810 1114 870 seruantur·
1141 806 1230 869 etin
1257 807 1347 871 nullo

224 914 441 996 corrumpitur,
474 913 557 994 quod
583 913 613 976 in
646 914 751 977 sancto
782 911 1004 976 Calcedonensi
1030 912 1161 978 concilio
1188 912 1350 977 firmatum
1382 931 1395 970 ε

224 1023 282 1096 est,
310 1039 388 1102 quae
417 1038 511 1083 causa
538 1021 587 1083 est
613 1021 735 1083 tantum
762 1018 842 1082 inter
869 1018 1016 1082 ecclesias
1048 1019 1184 1100 partium
1215 1017 1351 1084 istarum

225 1144 294 1189 esse
318 1125 489 1189 discordiae
512 1126 563 1190 uel
587 1145 666 1206 quae
690 1143 784 1189 causa
805 1123 881 1188 facit
899 1123 930 1187 in
949 1143 1010 1188 uno
1030 1122 1166 1188 Orientis
1184 1125 1351 1207 episcopos

174 1233 284 1298 llnon
313 1231 459 1295 sentire?'
537 1231 564 1295 si
591 1231 701 1295 dixerit
727 1231 835 1313 ‘quieti
862 1234 949 1295 erant
976 1231 1124 1314 episcopi,
1152 1230 1238 1295 nulla
1268 1231 1354 1297 inter

225 1337 311 1420 ipsos
350 1335 505 1401 discordia
539 1338 740 1401 uersabatur:
779 1337 924 1403 decessor
958 1337 1058 1401 sancti
1093 1354 1191 1420 papae
1228 1337 1353 1402 animos

226 1461 333 1506 eorum
355 1442 462 1507 missis
485 1443 598 1507 litteris
623 1443 772 1508 excitauit
794 1445 826 1507 et
848 1443 887 1507 ad
909 1442 1123 1507 confusionem
1152 1441 1353 1508 sollicitando
1375 1465 1398 1503 u

225 1548 396 1630 perduxit’,
433 1549 683 1631 respondendum
719 1549 864 1627 litteras,
901 1567 979 1630 quas
1016 1551 1141 1612 sanctae
1182 1549 1354 1615 memoriae

226 1674 307 1738 papa
329 1654 535 1738 Symmachus
560 1655 740 1732 destinauit,
763 1673 836 1736 prae
858 1655 1002 1719 manibus
1024 1654 1192 1719 habemus:
1216 1655 1244 1718 si
1268 1659 1356 1719 extra

226 1761 313 1839 haec,
347 1780 425 1843 quae
456 1762 557 1844 pictas
589 1765 694 1825 uestra
726 1760 813 1838 dixit,
841 1761 899 1825 hoc
927 1763 976 1824 est
1006 1759 1254 1836 ,calcedonense
1281 1779 1356 1826 corr·

227 1868 334 1931 cilium
368 1886 489 1949 sequor,
523 1867 672 1949 epistolas
699 1885 797 1950 papae
823 1866 935 1930 Leonis
964 1864 1127 1943 admitto“,
1155 1865 1239 1931 uliud
1267 1867 1356 1948 quic-

227 1991 320 2054 quam
349 1971 507 2035 continent
532 1970 594 2033 nisi
621 1969 872 2047 exhortationem,
899 1973 935 2033 ut
961 1970 1023 2034 ista
1046 1975 1218 2045 seruentur,
1241 1989 1355 2037 uerum
1375 1989 1400 2029 a

228 2080 286 2151 est,
316 2077 389 2158 quia
414 2095 470 2159 per
497 2077 602 2158 ipsum
630 2080 680 2140 est
707 2079 854 2160 generata
882 2076 1040 2153 confusio;
1073 2078 1105 2140 at
1137 2077 1164 2141 si
1195 2077 1255 2142 hoc
1283 2097 1357 2144 con·

228 2183 347 2246 tinetur
369 2183 400 2245 in
423 2181 549 2258 litteris,
569 2182 653 2262 quod
676 2186 707 2246 et
728 2185 816 2263 pater
833 2185 939 2246 uester
957 2186 1062 2264 sperat
1079 2185 1111 2246 et
1127 2183 1229 2264 pietas
1251 2187 1358 2250 uestra

230 2288 391 2365 consentit,
421 2288 495 2370 quid
523 2286 576 2352 ille
603 2287 687 2365 lecit,
712 2287 794 2368 quod
821 2288 853 2351 in
881 2305 952 2352 enm
979 2287 1124 2352 uideatur
1151 2307 1221 2354 esse
1248 2291 1357 2372 culpa-

178 2399 218 2462 15
236 2393 331 2457 bilea’
385 2394 435 2458 his
459 2393 572 2458 adicite
595 2412 702 2475 preces
726 2396 758 2458 et
778 2394 922 2460 lacrimas
944 2399 1091 2476 rogantes
1109 2393 1242 2460 ‘domine
1260 2395 1359 2479 impo-

235 2503 327 2575 rator,
355 2499 548 2563 considerate
575 2499 678 2577 deum,
701 2500 806 2581 ponite
834 2502 905 2564 ante
933 2499 1040 2565 oculos
1067 2503 1190 2568 uestros
1212 2502 1358 2566 futurum
1376 2517 1402 2558 ω

233 2604 300 2668 eiua
332 2604 499 2669 iudicium!
537 2605 637 2670 sancti
673 2608 789 2688 patres,
824 2605 877 2687 qui
908 2605 971 2670 ista
1002 2606 1241 2683 constituerunt,
1272 2607 1359 2673 beati

232 2710 366 2793 apostoli
397 2711 482 2775 Petri
517 2710 610 2781 fidem
648 2713 750 2777 secuti
786 2717 869 2789 sunt,
904 2731 960 2794 per
991 2730 1082 2793 quam
1115 2712 1276 2778 aedificata
1309 2721 1360 2780 est

179 2816 366 2894 pfiecclesia
389 2815 526 2881 Christi'.
603 2817 630 2882 si
658 2818 769 2881 dixerit
793 2818 962 2900 imperator
983 2817 1076 2900 ‘quod
1103 2837 1154 2883 me
1182 2819 1279 2884 uultis
1303 2841 1387 2907 perv

232 2923 424 2986 secutionem
448 2923 559 3003 facere,
582 2923 698 3001 habeo;
727 2942 797 2989 ecoe
826 2924 904 2989 milri
927 2924 1166 3002 communicate,
1191 2925 1244 3007 qui
1267 2945 1361 3008 syno-

231 3028 306 3091 dum
318 3026 577 3097 calcedonensem
592 3029 707 3112 recipio
724 3033 756 3093 et
769 3029 918 3113 epistolas
933 3048 1031 3112 papae
1044 3030 1157 3096 Leonis
1171 3030 1359 3114 amplector;
1378 3047 1404 3089 ²⁵

231 3150 312 3197 nunc
332 3135 557 3200 communicate
576 3135 691 3212 milril’,
706 3134 955 3216 respondendum
975 3138 1025 3200 est
1042 3137 1112 3217 ‘quo
1133 3136 1238 3201 ordine
1255 3137 1360 3221 pietas

231 3241 337 3303 uestra
360 3238 581 3304 communicari
605 3240 665 3304 sibi
684 3240 861 3306 desiderat?
884 3258 941 3304 neo
962 3259 1019 3304 nos
1042 3241 1272 3323 praedicantem
1294 3243 1362 3312 isto

231 3344 379 3425 pietatem
402 3348 540 3409 uestram
562 3346 710 3420 uitamus,
731 3346 814 3428 quod
837 3345 955 3410 scimus
978 3339 1070 3409 deum
1094 3347 1213 3427 timere,
1232 3352 1264 3413 et
1282 3367 1360 3433 gau-

232 3448 352 3529 demus,
382 3451 455 3534 quia
490 3455 613 3534 gratum
649 3452 740 3516 uobis
776 3455 826 3516 est
858 3454 983 3534 patrum
1015 3453 1185 3520 const'tuta
1221 3473 1359 3519 seruare.

269 3710 282 3762 1
302 3710 355 3764 ista
372 3726 483 3784 (quam)
503 3709 612 3779 scripti}
630 3710 683 3765 ista
704 3711 735 3776 V,
755 3711 834 3766 istam
852 3711 921 3764 Bar.
976 3711 992 3764 6
1015 3707 1301 3763 tantum..discordia
1325 3708 1357 3771 V,

233 3834 300 3880 corr.
315 3823 353 3878 0²:
372 3825 679 3881 tantam..discordiam
698 3845 711 3896 ρ
747 3827 763 3880 8
782 3827 880 3879 sentire
899 3845 926 3878 o:
947 3791 1047 3881 sennrne‘
1062 3825 1088 3878 V
1123 3827 1155 3879 12
1174 3823 1318 3893 symachus·
1334 3823 1361 3876 V

235 3912 268 3966 18
282 3923 341 3968 enm
359 3913 394 3968 V:
414 3931 444 3967 eo
463 3914 531 3967 Bar.
576 3915 609 3966 23
629 3913 913 3982 qnodBur.:qnidV
980 3929 1028 3984 per
1046 3914 1209 3967 secutionem
1224 3917 1358 3981 (autper-

233 4002 406 4068 secntionem)
430 4002 466 4056 V:
484 4017 531 4070 per
547 3992 710 4058 locutionem
725 4002 803 4062 Bar..
821 4003 1033 4072 prosecutionem
1049 4001 1260 4070 persolutionem
1286 4001 1361 4056 idem

233 4087 264 4140 in
281 4091 400 4157 marpine
440 4091 474 4143 24
492 4088 576 4148 habeo
599 4088 689 4142 Tulei:
707 4089 772 4142 abeo
797 4089 827 4154 V,
845 4089 943 4144 habete
961 4090 1030 4144 Bur.
1067 4090 1102 4142 25
1120 4088 1313 4144 calcedonense
1336 4090 1363 4145 V

233 4179 268 4232 29
286 4178 362 4231 nobis
384 4177 417 4245 V,
435 4193 505 4242 corr,
519 4174 589 4232 Bar.
