2864 4620
410 343 411 346 Ν
503 283 588 352 Epist.
608 281 677 337 oxx
695 283 791 337 5-10.
1153 287 1214 349 531

91 495 224 558 qnorum
256 475 506 540 communionem
534 473 566 537 in
593 474 685 539 Petro
718 475 878 557 amplexus
909 475 1044 540 Aeacius
1072 477 1218 543 similiter

91 589 215 665 quoque
246 581 363 644 meruit
394 581 498 644 subire
532 580 711 644 sententias.
750 581 804 662 qui
829 584 953 646 tantum
980 583 1100 647 malum
1127 583 1217 665 quasi

89 706 187 769 paruo
202 688 370 750 aestimans
385 690 417 749 et
434 686 629 768 propositum
648 705 818 767 numquam
833 686 872 749 ad
885 687 1015 751 meliora
1034 691 1216 752 conuertens

90 813 129 857 ne
148 791 268 857 abillis
289 792 414 874 quidem
435 810 478 868 se,
499 810 577 873 quoe
596 791 627 855 in
645 791 813 857 Antiochia
830 791 1036 870 detestamur,
1053 793 1216 870 abstinuit,

59 923 72 964 s
89 899 134 963 ibi
154 917 276 981 quoque
296 897 519 981 transgressori
536 897 630 961 Petro
649 897 903 968 commn<nio>ne
922 917 1067 975 conexus,
1082 898 1114 961 in
1136 897 1216 980 Apa-

90 1026 214 1073 menam
249 1005 453 1068 nihilominus
494 1004 652 1069 hostiliter
691 1007 837 1069 uersatus
878 1004 1053 1081 ecclesiam,
1092 1005 1215 1087 Tyriam

92 1130 216 1194 qnoque
252 1130 312 1175 non
346 1130 382 1174 ea
413 1130 475 1192 qua
507 1110 613 1174 decuit
644 1110 824 1193 integritate
857 1110 1036 1193 disponens.
1091 1114 1218 1193 propter
1248 1101 1267 1164 8

92 1235 181 1298 quae,
218 1215 417 1279 dilectissimi
451 1215 571 1291 fratres,
604 1214 642 1277 ab
676 1233 784 1278 eorum
819 1215 1020 1279 innodatione
1056 1217 1216 1281 soluentes

92 1323 181 1386 uelut
211 1321 371 1404 regionem
408 1320 563 1402 quandam
598 1319 779 1400 pestiferam
812 1320 1021 1401 relinquentes
1054 1340 1216 1386 seruemus

46 1455 73 1494 ro
90 1427 297 1509 apostolicam
334 1426 548 1509 disciplinam
586 1425 682 1490 saluti
714 1429 838 1490 nostrae
872 1426 960 1490 omni
992 1425 1154 1510 diligentia
1185 1429 1217 1490 ct

92 1531 304 1598 sollicitudine
326 1531 529 1616 prouidentes
553 1551 590 1596 ea
613 1550 688 1595 cura
710 1532 834 1595 nefandi
857 1531 996 1596 Nestorii
1023 1532 1216 1597 declinemus

20 1670 22 1675 v
92 1658 220 1716 errores,
249 1657 311 1720 qua
341 1638 524 1721 Eutychetis
552 1638 649 1720 impia
675 1638 802 1702 inuenta
827 1639 1052 1720 persequimur.
1083 1639 1216 1703 maxime

92 1745 173 1810 enim
205 1762 286 1808 nune
313 1743 478 1828 religiosae
504 1742 577 1807 fidei
604 1743 752 1826 dogmata
783 1743 906 1806 diuerso
934 1744 1063 1807 incursu
1094 1743 1215 1814 horum.

92 1852 146 1932 qni
173 1849 324 1933 praedicti
351 1851 434 1924 sunt,
461 1849 660 1913 incursantur
685 1848 817 1925 insidiis,
846 1848 991 1914 scelestis
1015 1868 1070 1931 pro
1097 1849 1216 1914 natione

46 1986 73 2026 15
91 1961 267 2038 temporum
299 1974 357 2020 sua
384 1958 566 2038 argumenta
591 1954 801 2036 nectentibus,
828 1954 944 2036 siquo
971 1954 1064 2020 modo
1093 1955 1218 2036 possint

92 2061 303 2126 innocentium
326 2060 387 2124 uiis
410 2059 551 2124 fraudem
575 2079 649 2124 suae
672 2060 844 2146 impietatis
867 2060 1012 2137 inserere,
1033 2064 1126 2142 atque
1144 2059 1215 2124 ideo

92 2167 176 2231 sicut
198 2167 283 2231 docti
305 2165 505 2230 nummularii
529 2167 562 2229 et
582 2165 750 2247 pmdenter
772 2165 919 2230 instructi
942 2165 979 2229 ab
1002 2165 1214 2247 improbandis

89 2272 217 2336 laudata
247 2273 424 2354 separantes
448 2270 558 2334 talenti
580 2271 672 2335 uobis
696 2270 806 2336 crediti
832 2271 977 2354 poteritis
1004 2271 1214 2354 multiplicare

90 2377 309 2442 substantiam.
367 2377 454 2454 haec,
485 2376 684 2442 dilectissimi
718 2377 839 2454 fratres,
881 2378 1065 2459 scripsimus
1105 2377 1214 2460 plenae
1246 2381 1266 2442 9

44 2515 72 2555 ao
90 2483 228 2548 caritatis
250 2482 400 2564 impulsu,
424 2482 497 2564 quia
520 2485 553 2547 et
575 2501 663 2564 spem
685 2482 757 2547 fidei
784 2485 908 2547 uestrae
935 2482 1071 2566 primum
1099 2483 1136 2548 de
1163 2483 1214 2547 dei

90 2588 179 2666 dono,
208 2589 319 2653 deinde
346 2591 379 2652 et
405 2587 508 2653 trahis
535 2589 635 2653 nostri
661 2588 818 2665 Iohannis,
847 2588 901 2680 qui
927 2588 1019 2653 uobis
1046 2588 1214 2670 praesidet,

87 2695 280 2777 professione
320 2695 599 2777 praesumpsimus,
641 2713 703 2778 qna
742 2694 925 2768 nominatim
971 2713 1089 2768 omnes,
1134 2713 1213 2777 quos

88 2800 261 2882 apostoliea
301 2803 333 2865 et
372 2800 526 2884 generalis
567 2801 792 2871 catholicorum
836 2799 1022 2867 condemnat
1065 2799 1215 2880 ecclesia,

87 2906 274 2971 execrabiles
298 2906 359 2970 sibi
381 2925 449 2970 esse
478 2899 659 2972 declaranit.
705 2906 789 2988 quod
810 2924 869 2971 uos
898 2924 1023 2989 quoqne
1045 2904 1077 2969 in
1099 2905 1212 2970 litteris
1226 2911 1265 2972 10

40 3043 68 3082 aa
87 3012 203 3076 uestris
227 3013 366 3094 oportuit
388 3012 550 3077 euidenter
577 3012 745 3096 exprimere
768 3031 824 3077 nec
847 3012 990 3081 arbitrari
1010 3031 1103 3094 posse
1127 3011 1211 3076 sulii·

86 3136 155 3181 cero
183 3117 241 3182 snb
271 3118 365 3198 tantis
388 3118 572 3199 praesertim
599 3117 723 3183 insidiis
755 3118 950 3195 calli'domm,
983 3137 1061 3200 quos
1094 3118 1211 3182 uiritim

86 3226 117 3287 et
148 3222 289 3306 singulos
321 3223 469 3288 insectari
501 3224 649 3289 conuenit
680 3227 773 3306 atque
806 3224 959 3302 damnari,
987 3224 1045 3288 sub
1077 3223 1211 3306 quadam

85 3329 222 3412 generali
263 3348 316 3394 eos
358 3330 555 3396 damnatione
597 3331 790 3396 concludere.
835 3330 1019 3414 diligentem
1060 3331 1214 3412 quaerunt

83 3436 215 3499 uulnera
256 3435 383 3518 antiqua
423 3436 610 3501 medicinam
651 3455 707 3500 nec
748 3436 909 3501 abundans
951 3455 1020 3500 esse
1062 3434 1211 3514 creditur,

117 3720 347 3791 2sententiamp
409 3721 582 3776 lanthiocia
604 3720 631 3774 V
690 3722 864 3776 incommune
886 3723 917 3786 V,
936 3737 1004 3777 corr.
1025 3720 1051 3794 ρ2
1111 3722 1213 3777 tosti-

81 3807 144 3860 liter
166 3807 192 3861 V
260 3807 376 3877 thyriam
399 3808 426 3862 V
480 3807 671 3864 &inodacione
694 3808 720 3862 V
774 3809 973 3878 9reliqueutes
995 3809 1022 3863 V
1082 3811 1115 3864 10
1133 3809 1212 3871 diasi-

82 3895 181 3964 plinam
205 3894 231 3948 V
294 3898 326 3950 13
344 3895 453 3965 religise
478 3895 594 3960 Keorr.
617 3896 696 3950 Cea:
713 3897 841 3966 religiosa
857 3898 927 3952 Bar.
997 3900 1030 3952 14
1048 3897 1153 3952 insidiis
1177 3898 1213 3952 V:

80 3981 208 4036 insidiose
227 3984 288 4036 istis
310 3983 399 4040 Cenat.
474 3985 506 4038 15
525 3985 616 4054 posint
639 3984 670 4046 V,
690 4001 757 4039 corr.
778 4004 795 4038 α
868 3985 900 4040 17
918 3986 1063 4056 prudentes
1088 3986 1119 4048 V,
1143 4002 1211 4043 corr.

80 4070 150 4124 Bor.
207 4071 238 4124 18
257 4071 425 4142 laudandap
480 4073 513 4126 22
532 4073 787 4142 praesumsimusV
839 4075 873 4129 25
892 4075 1045 4128 suficereV
1096 4075 1130 4128 26
1149 4075 1212 4130 sub·

72 4158 179 4235 stantie
202 4158 233 4224 V,
253 4175 320 4214 corr.
341 4158 367 4212 ο2
420 4160 454 4214 27
473 4161 599 4214 insectari
618 4179 631 4212 o
650 4162 720 4216 Bar.
792 4161 917 4224 damnare
935 4164 1005 4217 Bar.
