2864 4620
207 249 269 312 586
311 246 429 301 Iustinus
447 246 617 310 Hormisdac;
637 246 781 300 Hormisdou
797 247 900 301 Iustino
906 269 913 312 3
931 247 1050 301 lustinus
1067 220 1225 301 Hormisdou

715 438 822 523 (141.)

248 565 861 629 rusrrnusnnousrusnonnr'snanranan.
902 565 1330 642 Deibenefioialicetmultis‚

163 675 182 736 2
205 670 337 734 manime
360 674 464 734 tamen
489 671 619 734 summis
642 669 843 751 pontificibus
867 671 1015 734 conuenit
1035 670 1181 737 indicare.
1204 671 1332 754 proinde

207 776 366 840 sanctitati
393 779 516 841 uestrae
543 795 599 857 per
625 776 681 841 has
710 794 813 839 sacras
842 775 1035 841 declaramus
1064 776 1223 859 epistolas,
1248 778 1332 859 qnod

205 883 341 964 primum
370 883 496 965 quidem
518 883 734 965 inseparabilis
758 885 907 949 trinitatis
930 887 1047 961 fauore,
1072 884 1182 949 deinde
1206 885 1332 966 amplis·
1361 908 1373 947 6

207 989 357 1053 simorum
384 1008 546 1071 procerum
575 989 655 1053 sacri
683 989 782 1055 nostri
804 991 914 1073 palatii
937 993 968 1054 et
991 990 1182 1056 sanctissimi
1205 993 1332 1054 senatus

207 1113 265 1159 nec
292 1113 353 1158 uon
382 1094 532 1159 electione
561 1095 725 1160 tortissimi
752 1095 904 1161 exercitus
929 1098 967 1160 ael
990 1097 1155 1180 imperium
1178 1095 1333 1161 nonlicet

163 1207 182 1268 3
206 1202 347 1267 nolentes
371 1221 406 1266 ac
427 1206 609 1267 recusantes
634 1203 750 1269 electos
773 1203 872 1268 fuisse
892 1207 984 1287 atque
1003 1205 1151 1268 firmatos.
1171 1213 1334 1284 precamur

206 1307 345 1389 proinde,
387 1311 423 1372 ut
464 1309 579 1374 sanctis
622 1309 816 1376 orationibus
856 1310 971 1375 uestris
1013 1309 1136 1372 diuinae
1176 1306 1333 1391 potentiae

207 1413 401 1495 supplicetis,
426 1415 580 1496 quatenus
597 1413 688 1477 initia
705 1414 804 1480 nostri
822 1414 1005 1479 roborentur
1022 1414 1154 1496 imperii.
1174 1414 1233 1478 hoo
1252 1413 1334 1477 enim
1353 1438 1378 1478 ro

207 1521 239 1582 et
265 1538 322 1584 nos
352 1538 474 1602 sperare
498 1522 530 1583 et
551 1538 610 1584 uos
634 1520 725 1586 decet
745 1521 885 1603 implere.
952 1521 1034 1585 Data
1056 1520 1127 1584 Kal.
1150 1520 1232 1604 Aug.
1256 1518 1334 1584 Con·

207 1625 376 1708 stantinop.
399 1625 514 1709 Magno
538 1646 570 1689 u.
595 1644 621 1691 c.
647 1645 730 1690 cons

719 1816 825 1901 (rra.)

250 1958 404 2004 normann
425 1957 549 2004 ruarmo
572 1957 723 2005 aususro.
791 1939 986 2005 Uenerabilis
1008 1939 1097 2024 regni
1115 1939 1212 2004 uestri
1229 1939 1335 2022 primi-

206 2044 270 2121 ciis,
285 2045 330 2110 fili
344 2044 581 2129 gloriosissime.
592 2046 660 2110 loeo
671 2046 809 2110 muueris
823 2046 1061 2129 gratulationem
1078 2064 1166 2109 suam
1182 2045 1336 2109 catholica
1355 2074 1381 2114 re

206 2150 394 2216 transmittit
429 2150 571 2229 eeclesia,
607 2170 663 2232 per
699 2170 775 2232 quos
818 2169 850 2216 66
890 2153 964 2234 post
1002 2155 1122 2216 tantam
1162 2149 1335 2216 discordiae

207 2258 423 2340 fatigationem
445 2257 587 2339 requiem
610 2258 696 2341 pacis
718 2258 859 2322 inuenire
884 2258 1021 2331 confidit.
1044 2277 1101 2322 uec
1129 2260 1177 2323 est
1203 2256 1336 2321 dubium

206 2363 277 2428 ideo
306 2364 475 2428 adrerum
503 2382 658 2428 summam
687 2363 817 2429 caelesti
844 2383 902 2429 uos
925 2364 1123 2447 prouidentia
1143 2362 1335 2447 peruenisse,

207 2472 244 2533 ut
270 2469 366 2532 tantis
393 2469 588 2551 temporibus
620 2469 757 2551 impacta
787 2468 931 2553 religioni
961 2469 994 2532 in
1028 2467 1161 2533 Orientis
1192 2467 1335 2551 partibus

163 2586 183 2648 2
208 2575 368 2640 aboleatur
385 2574 508 2638 iniuria.
573 2574 693 2640 debitas
712 2576 803 2640 beato
822 2575 916 2639 Petro
936 2575 1077 2657 ¹apostolo
1095 2574 1219 2656 imperii
1236 2573 1336 2638 uestri
1354 2603 1384 2644 ro

207 2680 364 2762 primitias
386 2679 622 2758 red<di>distis‚
648 2699 724 2762 quas
757 2681 816 2746 hac
846 2680 967 2746 ratione
991 2680 1103 2745 deuote
1127 2679 1336 2762 suscepimus,

208 2787 282 2869 quia
314 2788 518 2852 eeclesiarum
549 2807 605 2871 per
635 2807 693 2852 uos
725 2787 863 2869 proxime
901 2788 1039 2852 futuram
1061 2772 1233 2852 'oredimus
1269 2785 1337 2850 sine

209 2894 403 2959 dubitatione
436 2895 642 2960 concordiam.
676 2895 763 2973 deus,
797 2895 851 2977 qui
882 2895 1008 2978 pietatis
1041 2897 1163 2958 uestrae
1191 2892 1337 2957 sensibus

208 3001 388 3084 alloquendi
414 3020 470 3066 nos
497 3004 573 3067 uota
600 3002 767 3079 concessit,
792 3001 862 3083 ipse
890 3001 972 3066 circa
999 3000 1154 3065 sincerum
1176 2997 1337 3082 religionis

244 3294 308 3352 141.
380 3295 449 3349 Dat.
469 3313 495 3350 a.
518 3299 571 3351 518
589 3296 632 3350 die
649 3301 674 3349 1,-
691 3297 771 3366 Aug„
792 3312 841 3365 per
859 3297 1057 3350 Atacandrum.
1128 3294 1202 3349 Edu.
1224 3293 1287 3348 Gar.
1307 3292 1340 3346 1²

205 3387 281 3450 rra·
304 3385 373 3437 aar.
398 3383 437 3438 ao
458 3402 484 3438 a.
512 3388 574 3451 ers,
600 3389 651 3452 cr,·
677 3385 786 3439 correo.
813 3384 931 3452 conum
954 3385 1033 3438 roro
1056 3388 1124 3439 ero.
1214 3369 1291 3437 215
1316 3383 1342 3435 V

244 3473 326 3526 sumis
349 3473 379 3536 V,
399 3489 466 3526 corr.
487 3491 500 3522 ο
607 3473 725 3529 indicare
749 3489 781 3527 ec
802 3472 920 3527 iudicare
941 3478 973 3525 ut
994 3473 1104 3526 uidetur·
1122 3487 1190 3527 corr.
1214 3463 1250 3525 V:
1268 3470 1338 3524 indi·

209 3562 263 3614 cari
282 3580 299 3613 α
360 3563 443 3631 iper
461 3578 490 3615 as
513 3561 540 3614 V
604 3561 779 3616 Vfortissimi
796 3561 906 3630 compsi:
923 3560 1078 3614 formissimi
1102 3560 1132 3625 V,
1151 3559 1295 3613 firmissimi
1313 3556 1341 3608 ο2

209 3650 355 3703 excercitus
378 3649 405 3702 V
456 3652 489 3704 12
508 3656 559 3704 uo'c
577 3657 638 3705 coiis
662 3650 688 3704 V
1029 3708 1032 3715 ,
1192 3648 1196 3653 ’

244 3755 306 3813 142.
360 3756 428 3809 Dat.
454 3773 480 3809 α.
507 3759 562 3810 518
582 3772 670 3812 mense
694 3756 804 3812 Octobri
824 3757 869 3811 uel
890 3750 1040 3810 Nouembri
1061 3771 1113 3823 per
1135 3753 1341 3817 Alexandrum

208 3845 351 3913 respondet
374 3845 508 3914 epistulae
531 3850 590 3899 141.
679 3845 753 3899 Ecc.
780 3845 842 3899 Gur.
866 3845 896 3897 1²
921 3848 992 3911 4775
1009 3844 1078 3924 Bor.
1102 3843 1140 3897 cd
1159 3859 1185 3896 o.
1207 3843 1267 3904 518,
1290 3842 1341 3907 68,-

212 3960 320 4016 correo.
339 3959 457 4027 conu1.‚·
474 3960 555 4014 nra
573 3962 595 4015 r
611 3964 684 4029 aaa·
705 3960 784 4014 riter
802 3962 869 4014 aaa
926 3960 959 4013 14
975 3925 1084 4029 putta
1101 3958 1128 4011 V
1167 3958 1199 4010 ro
1219 3973 1285 4025 quos
1302 3955 1340 4008 r:

210 4065 275 4116 quas
293 4047 355 4100 Gar.
411 4046 444 4100 18
473 4048 632 4102 caelestibus
660 4047 856 4118 prouidentiam
878 4046 909 4109 V,
933 4061 994 4100 corr
1027 4044 1053 4115 p²
1106 4046 1138 4098 21
1159 4043 1286 4097 reddistis
1310 4043 1341 4106 V,

210 4153 277 4191 corr.
297 4155 311 4187 o
365 4136 547 4206 aspirantis
570 4135 596 4188 V
