2864 4620
431 304 518 374 Epist.
538 301 620 357 onix
638 303 654 355 1
673 301 794 358 --cnx
811 301 837 356 c.
1133 305 1194 368 611

69 501 150 585 quod
177 499 236 572 diu¹
269 498 402 563 summis
439 496 555 562 studiis
592 496 815 578 quoaerebatum
847 496 973 572 noueris
1003 497 1195 579 patefactum

68 613 99 673 et
128 601 298 688 antequam
331 603 523 693 aduenerint,
556 603 610 686 qui
642 622 660 666 a
691 602 783 669 uobis
816 603 964 668 destinati
995 608 1078 680 sunt,
1100 603 1196 687 'qued

65 715 220 780 Iohannes
246 713 296 777 nir
322 711 526 778 beatissimus
554 710 686 774 antistes
714 728 813 775 nouae
839 711 956 775 Romae
984 716 1107 775 nostrae
1134 730 1197 775 una

66 840 136 885 cum
166 821 248 886 clero
276 818 344 883 eius
372 817 539 882 uobiscum
567 816 708 884 sentiunt
734 816 831 880 nullis
858 817 1015 881 uariantes
1043 817 1196 901 ambigui-

37 948 49 988 1
64 925 198 1003 tatibus,
213 924 309 989 nullis
325 923 421 989 diuisi
436 922 617 1000 discordiis3
633 921 714 987 scias
722 921 867 987 libellum
877 923 915 987 ab
925 941 961 987 eo
972 923 1195 1006 subscriptum,

65 1050 161 1115 quem
185 1028 377 1095 offerendum
400 1029 596 1093 iudicaueras
621 1028 892 1094 sanctissimorum
914 1034 1039 1112 patrum
1062 1029 1195 1094 concilio

66 1139 301 1220 congruentem.
330 1152 436 1200 omnes
466 1138 654 1199 concurrunt
682 1135 776 1199 alacri
803 1153 894 1217 opere
927 1135 965 1200 ad
998 1133 1238 1217 suscipienda2

64 1245 143 1308 nota
177 1225 244 1306 tarn
283 1243 407 1305 uestrae
449 1259 542 1321 quam
579 1239 941 1323 Constantinopolitanae
979 1241 1076 1316 sedis,
1117 1259 1195 1325 quos

65 1348 210 1413 ueritatis
234 1365 383 1412 conusens
406 1346 512 1430 fulgor
532 1345 707 1423 illuminat;
731 1365 838 1412 omnes
861 1345 1034 1412 accelerant
1054 1346 1196 1412 libentis·

20 1482 47 1522 ιο
65 1455 157 1531 sime,
194 1471 273 1536 qnos
309 1452 448 1517 oblectat
481 1451 536 1516 uia
571 1452 719 1530 dilucida,
757 1455 930 1534 sequuntur
960 1453 1040 1518 scita
1069 1455 1195 1537 patrum

65 1559 277 1636 sanctissima,
321 1558 409 1643 leges
453 1558 702 1640 probatissimas,
748 1561 780 1623 et
820 1558 960 1624 consiliis
1000 1558 1195 1642 quonrnda'm

63 1664 209 1740 firmatis,
246 1664 300 1746 qui
335 1666 458 1727 rectum
493 1663 641 1728 tenebant
670 1663 839 1740 tramitem,
872 1664 1003 1729 aliorum
1036 1664 1194 1743 correctis,

65 1769 121 1851 qui
157 1769 354 1854 uagabantur
389 1768 510 1846 incerti,
548 1769 580 1832 in
618 1787 653 1833 eo
689 1788 740 1833 res
772 1769 942 1853 colligitur,
973 1774 1012 1835 ut
1041 1769 1194 1835 unitatem

64 1874 247 1940 indiuiduae
283 1874 433 1939 trinitatis
468 1874 531 1956 ipsi
567 1893 690 1957 quoque
726 1875 846 1940 unitate
887 1876 992 1941 colant
1030 1876 1193 1940 mentium.

19 2008 47 2048 1⁶
64 1983 216 2064 negatum
249 1984 298 2045 est
327 1981 409 2044 inter
440 1979 547 2045 diuina
581 1980 730 2064 mysteria
761 1981 941 2046 memoriam
973 1982 1005 2046 in
1032 1985 1237 2065 posterum3

63 2086 133 2152 fieri
159 2105 214 2171 pro
243 2089 349 2152 tenore
376 2086 487 2164 libelli,
515 2104 609 2169 quem
637 2086 782 2163 diximus,
805 2087 913 2152 Aeacii
935 2089 1194 2170 praeuaricatoris

65 2191 225 2276 quondam
259 2192 364 2276 regiae
400 2192 495 2257 huius
528 2193 615 2257 urbis
648 2193 788 2276 episcopi
818 2212 875 2258 nec
905 2212 967 2259 non
1000 2196 1032 2260 et
1063 2195 1194 2259 aliorum

65 2298 276 2376 sacerdotum,
304 2299 359 2381 qui
380 2299 434 2364 nel
455 2298 548 2380 primi
572 2301 679 2364 contra
701 2299 874 2364 constituta
895 2301 1050 2367 uenerunt
1070 2303 1193 2384 sposto-

62 2404 128 2469 lica
149 2403 212 2468 uel
225 2422 425 2469 successores
449 2404 560 2469 erroris
578 2405 656 2469 iacti
675 2409 749 2469 suut
766 2407 854 2471 nulla
871 2424 972 2488 usque
991 2407 1030 2472 ad
1047 2407 1194 2472 ultimum

17 2509 149 2580 rodiam
172 2527 266 2573 suum
288 2508 478 2592 paenitentia
500 2509 642 2575 correcti.
709 2513 741 2575 ot
764 2510 910 2593 quoniam
934 2529 1041 2577 omnes
1068 2516 1194 2578 nostrae
1216 2515 1237 2578 4

61 2615 207 2699 regiones
239 2613 450 2680 admonendae
482 2616 565 2691 sunt,
597 2618 635 2679 ut
661 2616 837 2699 exemplum
864 2616 1028 2682 imitentur
1054 2617 1193 2685 ciuitatis

61 2720 178 2805 regiae,
203 2720 387 2785 destinanda
403 2720 522 2804 ubique
540 2720 724 2804 principalia
740 2725 907 2812 praecepta
925 2723 1087 2791 duximus:
1104 2727 1193 2791 tanto

60 2826 233 2911 flagramus
264 2825 427 2910 religionis
460 2826 574 2902 officio,
606 2830 694 2892 tanto
727 2828 910 2895 affectamus
942 2830 1047 2897 studio
1083 2850 1194 2915 pacem

62 2931 235 2998 catholicae
266 2931 339 2996 fidei
370 2950 426 3014 pro
456 2933 681 2998 remuneranda
713 2934 845 3001 caelitus
876 2955 954 3020 pace
989 2921 1113 3003 nostrae
1148 2938 1193 3002 rei

11 3069 43 3112 25
59 3037 218 3121 publicae,
249 3056 305 3120 pro
338 3037 531 3103 conciliando
563 3039 715 3105 subiectis
746 3041 826 3106 rneis
858 3061 991 3125 superno
1027 3044 1222 3126 praesidio·

61 3142 139 3224 qnid
161 3143 243 3207 eninr
267 3143 388 3227 gratius
410 3145 540 3227 reperiri
556 3148 672 3228 potest,
693 3146 769 3230 quid
786 3147 913 3225 iustius,
932 3148 1008 3232 quid
1025 3150 1193 3230 illustrius,

61 3268 157 3330 qnam
188 3267 267 3332 quos
298 3248 382 3312 idem
413 3269 545 3333 reguum
577 3251 714 3316 continet
745 3251 948 3334 eiusdemque
978 3252 1052 3319 fidei
1087 3256 1193 3321 cultus

59 3354 200 3431 irradiat,
229 3373 283 3419 eos
310 3374 372 3421 non
399 3355 527 3421 diuersa
553 3356 738 3423 contendere
766 3358 823 3424 sed
850 3359 992 3425 collectis
1018 3360 1050 3424 in
1083 3362 1194 3428 eodem

60 3460 210 3526 sensibus
228 3460 376 3527 instituta
394 3463 537 3528 uenerari
560 3483 620 3529 non
643 3463 780 3530 hnmana
801 3467 906 3530 mente
928 3467 995 3531 lata
1016 3466 1071 3531 sed
1095 3466 1194 3532 diuini

10 3603 41 3644 ω
59 3560 227 3649 prudent-ia
250 3567 406 3650 spiritus?
429 3570 498 3633 oret
519 3568 619 3652 igitur
640 3573 765 3636 uestrae
787 3571 948 3655 religionis
972 3573 1133 3652 sanctitas,
1157 3577 1194 3640 ut
1216 3578 1236 3640 5

96 3833 259 3890 dantisstcs
282 3835 309 3889 V
410 3838 516 3893 4nnlli
538 3839 565 3893 V
668 3842 760 3912 done
783 3843 810 3898 V
919 3841 1088 3897 indicaucrns
1109 3845 1191 3916 Hiep.

59 3924 155 3978 'loma
177 3922 204 3976 V
263 3923 434 3980 9corruscua
458 3926 485 3980 V
552 3929 689 3984 illuminat
711 3929 738 3983 V
797 3930 831 3986 10
849 3929 1020 4003 deluciduV
1077 3934 1192 3988 111111-

57 4010 131 4065 siliis
153 4008 339 4067 Voccionis
360 4013 445 4071 Geor.
501 4016 533 4071 17
551 4016 642 4087 regina
659 4017 755 4086 Hispa
774 4033 825 4073 om.
844 4018 872 4073 V
941 4017 1080 4089 et·He'sp.:
1099 4036 1149 4075 om.
1169 4020 1196 4074 V

58 4100 96 4155 25
114 4099 270 4169 subgiectia-
285 4101 312 4154 V
345 4103 379 4158 26
396 4105 526 4174 repperiri
549 4104 576 4159 V
613 4104 827 4161 associatos
865 4108 900 4162 29
917 4123 955 4176 sq.
975 4106 1084 4162 diuinae
1102 4111 1192 4180 proni·

59 4186 171 4242 dentiae
189 4187 286 4258 spiritu
304 4187 386 4258 Πίῳ.
