2864 4620
35 229 99 290 540
371 223 514 276 Hormisda
531 223 673 276 Anastasio
693 223 815 292 Augusto

6 413 206 500 2euangeliis
231 415 346 480 sanctis
371 418 403 478 et
425 414 567 478 ecclesiis
594 415 707 480 uolunt
733 432 801 478 esse
830 411 1026 480 discordiam.
1085 432 1164 499 ergo

35 524 73 584 ut
95 521 138 586 sit
154 523 279 605 placens
299 539 449 603 supernae
468 519 626 584 maiestati
644 520 845 584 ecclesiarum
863 519 967 583 unitas
985 517 1165 602 prouidete‚

36 627 109 708 quia
136 627 190 708 qui
216 626 307 690 nobis
334 626 366 688 in
394 624 454 701 bis,
484 643 562 706 quae
589 623 720 706 praelati
752 643 872 701 sumus,
905 624 1040 701 obsistit,
1072 625 1165 709 igno-

35 751 141 797 ramus
165 732 192 797 si
215 720 292 795 bene
316 749 372 795 nos
392 730 505 812 arguit.
528 748 583 811 per
601 729 705 794 omnia
721 732 825 794 tamen
844 730 1018 794 uoluntatis
1036 733 1166 795 nostram

37 839 205 921 puritatem
222 837 396 916 legatorum
416 838 593 900 uestrorum
611 835 754 917 poteritis
773 836 949 901 narratione
963 854 1166 920 cognoscere.
1196 854 1210 895 s

7 941 171 1025 3petimus
191 945 305 1018 autem,
324 942 362 1004 ut
378 957 433 1023 pro
452 939 542 1003 nobis
562 941 755 1022 apostolatus
774 944 879 1005 uester
896 960 982 1006 orare
999 941 1166 1024 dignetur:

38 1047 120 1130 quod
148 1067 206 1112 uos
228 1047 339 1111 libenti
363 1046 465 1110 animo
488 1045 590 1110 iacere
613 1045 671 1110 hac
692 1046 865 1128 poterimus
888 1047 1021 1111 maxime
1042 1047 1166 1111 ratione

38 1171 236 1238 cognoscere,
261 1152 294 1215 si<
309 1151 478 1234 perfectam
500 1150 590 1216 nobis
614 1151 766 1215 unitatem
789 1152 991 1228 ecclesiarum
1013 1152 1166 1237 dignatus

37 1259 132 1324 fuerit
154 1258 232 1323 deus
255 1258 347 1323 uobis
370 1257 609 1341 disponentibus
633 1256 816 1322 condonare.
847 1257 903 1321 illa
925 1257 1007 1321 enim
1029 1275 1090 1320 nor
1112 1255 1167 1320 dei

38 1384 184 1449 magnam
202 1363 448 1429 benedictionem
467 1363 672 1446 diligentibus
691 1381 724 1426 se
742 1363 903 1428 mandauit
916 1365 1009 1445 atque
1023 1362 1167 1440 donauit,
1186 1388 1211 1427 ιι

40 1489 101 1552 qua
128 1469 316 1534 declararit:
343 1487 478 1551 pacem
507 1487 627 1533 meam
651 1468 853 1547 danobis,
881 1487 1014 1551 pacem
1040 1486 1167 1533 meam
1229 1529 1235 1542 ,

39 1575 201 1640 dimitto
224 1573 351 1639 uobis.

550 1762 655 1847 (rac.)

82 1908 235 1954 uonursna
257 1906 433 1953 nunsrssro
455 1906 606 1952 docuero.
643 1906 702 1951 rra
727 1907 887 1952 erucarur
908 1908 947 1954 rr
969 1907 1168 1955 praecurram

39 2012 218 2060 aerscoeos.
267 1994 395 2058 Dudum
414 1993 528 2077 legatis
547 1993 795 2059 mansuetudinis
814 1997 937 2059 uestrae
954 1995 1168 2061 remeantibus
1187 2024 1214 2064 re

24 2100 80 2183 ¹ad
101 2101 222 2166 litteras
245 2103 368 2165 uestras
392 2102 424 2165 et
445 2099 593 2164 mandata
614 2099 769 2182 respondi,
787 2120 847 2165 non
871 2101 997 2182 quidem
1019 2100 1169 2167 uniuersa

39 2207 140 2291 plene,
174 2205 258 2272 sieut
284 2205 468 2290 magnitudo
496 2205 540 2271 rei
567 2205 759 2287 postulabat,
788 2207 952 2288 expediens
980 2205 1035 2271 sed
1061 2209 1168 2272 tamen

37 2331 93 2395 pro
116 2314 257 2395 tempore
281 2314 366 2376 certa
387 2312 630 2394 praestringens.
663 2330 773 2375 uerum
796 2311 856 2375 etsi
880 2312 1072 2377 sufficienter
1092 2312 1169 2378 alle·

37 2436 111 2503 gare
133 2437 184 2482 me
208 2418 314 2482 omnia
336 2418 530 2500 contigisset,
555 2417 708 2499 numquid
735 2436 830 2502 agens
858 2417 942 2500 apud
970 2418 1168 2482 clementiam

37 2526 176 2588 uestram
199 2541 325 2586 causam
348 2522 421 2587 fidei
439 2525 579 2604 poteram
597 2523 737 2604 repetitis
756 2524 901 2606 precibus
919 2523 1167 2606 importunitatis
1186 2552 1214 2592 eo

8 2628 176 2703 2inoessi?
207 2629 339 2692 timeant
361 2631 467 2693 notam
491 2628 585 2693 huius
607 2629 851 2713 ingratitudinis,
875 2629 990 2712 quibus
1018 2649 1092 2694 cura
1118 2635 1170 2696 est
1239 2617 1240 2620 ¹

38 2733 179 2799 studium
201 2733 337 2818 negotiis
360 2751 474 2798 nauare
493 2734 675 2799 mundanis!
700 2753 778 2817 opus
796 2754 856 2799 non
874 2736 985 2818 implet
1002 2736 1168 2820 euangelii,

40 2839 94 2923 qui
118 2860 136 2904 a
156 2839 385 2924 praedicatiore
414 2839 481 2904 eius
509 2840 675 2907 uenialiter
700 2844 793 2923 putat
819 2836 911 2924 posse
940 2841 1065 2906 cessari.
1100 2861 1170 2924 per-

39 2945 171 3029 uigilem
206 2947 369 3028 pastorum
407 2948 530 3027 oportet
567 2964 636 3010 esse
673 2945 847 3010 custodiam
881 2949 914 3010 et
943 2947 1068 3014 lumbos
1101 2948 1170 3013 sine

39 3049 228 3114 relaxatione
268 3049 473 3132 praecinctos.
519 3049 619 3113 bonae
660 3049 882 3116 admonitionis
923 3052 1007 3116 sicut
1047 3055 1172 3118 constat
1188 3083 1216 3124 es

10 3154 166 3231 3dulcem
189 3155 337 3233 fructum,
357 3155 403 3220 ita
425 3154 494 3220 eius
518 3174 579 3219 non
602 3154 693 3220 decet
715 3175 784 3220 esse
807 3155 980 3225 fastidium.
1031 3161 1063 3222 et
1081 3158 1170 3237 alias,

130 3362 158 3415 11
180 3360 238 3423 Ich.
259 3363 300 3423 14,
319 3363 353 3416 27

77 3484 169 3553 lego¹
184 3483 216 3548 V,
235 3499 336 3538 corno
412 3485 589 3554 2rnageetati
614 3484 636 3536 V
713 3487 847 3555 dhisque
865 3487 995 3557 praelecti
1017 3487 1049 3551 V.
1067 3503 1137 3542 corr.
1156 3509 1172 3541 o

40 3574 124 3626 dnos
143 3590 169 3624 o:
189 3588 242 3625 non
265 3572 291 3626 V
328 3573 517 3627 5nostrorum.
534 3572 606 3638 Ona,
624 3574 672 3628 aad
689 3575 723 3643 cf.
742 3575 829 3630 Beitr.
851 3578 869 3629 6
889 3575 990 3630 canc
1031 3577 1061 3630 ll
1082 3575 1172 3630 decla·

40 3647 113 3714 rauit
131 3678 149 3711 α
167 3665 231 3713 cate
246 3675 389 3714 rasuram.-
407 3659 538 3714 declamit
560 3660 587 3713 V
602 3665 627 3716 ct
645 3679 663 3713 α
676 3667 740 3730 post
757 3678 813 3716 ras.

78 3747 147 3804 126.
209 3747 278 3802 Dal.
297 3748 392 3815 (mmai
408 3741 468 3802 cum
486 3765 543 3817 epp.
562 3753 721 3817 raa-132)
741 3767 767 3804 a.
789 3754 843 3804 617
860 3750 905 3805 die
923 3754 942 3804 3
959 3751 1027 3820 Apo.
1041 3767 1094 3820 per
1110 3751 1172 3804 En-

42 3835 155 3890 nodiam
173 3841 198 3891 ct
214 3835 398 3906 Peregrinum.
434 3836 508 3909 aaa,
525 3830 590 3892 Car.
609 3839 639 3892 Ι2
660 3841 727 3905 lca·
742 3838 812 3892 Bar.
832 3839 872 3892 cd
888 3855 914 3893 a.
937 3841 997 3903 517,
1013 3843 1046 3906 3,·
1062 3838 1171 3895 Collect.

46 3922 164 3991 coaeu-
188 3923 271 3979 Bra
296 3924 318 3978 1
342 3927 415 3992 3943
440 3925 519 3981 Tbr'e'l
544 3923 608 3982 796.
698 3927 732 3981 14
753 3943 801 3997 per
822 3925 973 3980 Ennodinm
1032 3927 1173 4000 episcopos

44 4011 199 4066 charactere
216 4012 405 4077 minatiorcV
437 4014 470 4077 ll
488 4013 527 4066 rei
546 4031 573 4070 o:
591 4013 650 4084 regi
668 4014 695 4067 V
762 4012 809 4068 sed
826 4015 938 4083 sampsi:
956 4019 984 4068 et
1001 4014 1028 4068 V
1061 4015 1093 4068 18
1112 4031 1172 4084 per·

44 4096 179 4169 stringens
198 4097 225 4170 9²
295 4101 448 4155 sudcienter
469 4101 495 4155 V
