2864 4620
458 281 542 350 Epist.
563 279 695 334 CCXVIII
713 281 728 334 3
747 311 780 320 -
799 279 904 335 CCXXI
925 282 947 335 1.
1189 284 1256 347 681¹.

135 475 257 558 plenius
284 475 414 557 possitis
441 474 595 546 instruere
618 474 827 550 notionema
849 474 963 556 quibus
986 473 1125 557 personis
1147 474 1199 539 uel
1221 472 1253 538 in

138 583 251 663 quibus
277 581 355 646 locis
383 581 472 659 bene,
501 581 583 644 siout
611 579 775 657 credimus,
804 579 944 662 suscepti
972 579 1095 644 fueritis
1121 579 1173 644 uel
1196 579 1252 642 ubi

134 690 190 768 aut
211 680 270 752 sub
293 706 355 769 qua
375 685 550 752 'fastiditate
571 685 805 750 resurrectionis
825 684 997 750 dominicae
1016 686 1128 750 ceritas
1146 689 1253 750 uestra

133 793 271 877 tenuerit
297 792 379 858 diem
407 792 536 874 etquid
560 789 704 875 deinceps
728 790 865 876 egeritis,
887 809 942 874 per
965 791 1069 856 omnia
1090 791 1251 874 rescriptis

97 923 116 961 s
134 900 330 982 currentibus
347 892 510 975 declarate,
527 900 679 979 quatenus
699 896 919 981 cogitationem
937 901 1075 962 nostram
1093 897 1130 961 de
1148 901 1254 962 uestra

134 999 167 1070 st
180 1007 305 1070 actuum
319 1004 525 1087 prosperitate
539 1004 677 1078 releuare
695 1002 824 1086 possitis
844 1005 885 1081 et,
905 1002 932 1068 si
951 1003 1026 1084 quid
1043 1002 1253 1080 instructioni,

135 1114 228 1192 quam
251 1093 446 1192 suscepistis,
470 1126 583 1173 causae
607 1107 748 1186 deluerit,
773 1108 961 1192 subiungere
981 1126 1056 1172 cum
1080 1107 1130 1172 dei
1152 1109 1252 1173 nostri

134 1205 245 1295 solatio
261 1213 449 1285 ualeamus.-
507 1214 588 1278 Data
610 1213 679 1278 VH.
702 1214 780 1277 Kal:
796 1213 896 1278 Maias
918 1213 1086 1291 Eutharico
1110 1232 1194 1280 cons.

86 1541 114 1580 ro
139 1536 143 1557 ³
178 1528 332 1596 nonmson
359 1531 466 1588 uorans
490 1531 605 1583 suune,
664 1510 795 1600 Animus
818 1509 923 1576 noster
944 1510 1092 1600 *diuturna
1114 1511 1254 1598 redditur

133 1618 344 1702 expectatione
359 1618 529 1692 sollicitum
545 1615 711 1700 praecipue
727 1616 898 1681 adtentum
916 1616 1087 1700 principem
1105 1615 1251 1694 destinati

133 1724 191 1789 sub
216 1723 355 1789 celeritat
356 1742 372 1787 e
391 1741 447 1788 nos
467 1723 613 1787 certiores
633 1722 800 1787 debuisset
778 1726 820 1787 trs
835 1722 971 1787 efficere.
990 1741 1061 1786 nam
1079 1725 1133 1786 ant
1134 1742 1150 1787 e
1169 1722 1250 1787 diem

26 1825 28 1827 ’
133 1828 323 1896 ascensionis
351 1828 589 1893 dominicaet
551 1829 575 1893 li
577 1832 690 1894 tteras
702 1831 824 1894 uestras
852 1828 1054 1901 credebamus
1077 1847 1133 1893 nos
1156 1847 1250 1910 posse

133 1936 299 2019 suscipere.
374 1934 549 2000 idcircot
534 1937 599 2023 tam
639 1937 762 1999 uestrae
803 1933 964 2017 sospitatis
1003 1933 1119 2014 indicia
1159 1938 1295 2016 quam2

83 2072 111 2111 rs
129 2042 304 2124 profectum
326 2059 456 2120 causae,
473 2059 565 2122 quam
586 2019 794 2125 peragendam
813 2059 885 2104 oum
904 2039 953 2121 dei
971 2039 1069 2106 nostri
1087 2021 1249 2104 iuuamine

86 2219 88 2223 ,
132 2146 327 2237 suscepistis,
343 2145 735 2229 desiderantesjagnosoere
748 2145 916 2210 Paulinum
931 2130 1084 2211 ecclesiae
1093 2145 1250 2212 Romanae

132 2252 324 2337 defensorem
358 2270 428 2317 cum
462 2250 587 2334 scriptis
619 2251 834 2350 praesentibus
871 2241 1026 2328 destinare
1060 2251 1249 2331 curauimus,

132 2349 197 2423 tam
210 2357 343 2441 principi
358 2357 479 2422 litteras
496 2376 589 2448 quam
606 2345 750 2441 singulis,
769 2357 884 2438 quihus
903 2356 1050 2439 oportuit
1069 2355 1248 2456 dirigentes

133 2456 320 2553 quapropter
347 2462 438 2527 deum
467 2466 539 2528 nost
540 2482 608 2527 rum
632 2463 777 2546 congruis
800 2455 958 2546 precibus
968 2480 1146 2545 oramus,u
1125 2463 1252 2547 utipse
1274 2465 1296 2528 3-

62 2603 115 2642 ·20
134 2571 269 2636 salutem
292 2572 430 2644 uestram
453 2587 510 2653 sua
531 2567 750 2650 propitiatione
773 2566 930 2632 custodiat
947 2571 980 2633 et
997 2587 1109 2636 causae
1128 2568 1251 2668 qualem

70 2662 72 2664 ’
133 2675 346 2741 desideramus
378 2674 544 2740 concedere
578 2672 723 2758 dignetur
754 2669 911 2753 effectum,
944 2665 1018 2758 qnia
1043 2674 1121 2739 nihil
1147 2675 1249 2740 mains

119 2780 213 2860 ¹inter
242 2781 354 2846 titulos
385 2767 581 2862 imperatoris
615 2781 726 2863 optimi
757 2779 953 2859 adscribitur,
987 2764 1079 2863 quam
1114 2781 1150 2861 si„
1179 2800 1250 2845 eum

133 2881 282 2959 ecclesiae
311 2887 411 2971 gratia
436 2905 581 2970 praesens
609 2880 641 2951 et
662 2886 768 2951 lutura
790 2886 965 2970 praedicare
987 2880 1143 2951 mereatur
1164 2885 1249 2968 pacis

132 2995 299 3079 erectorem.
366 2981 452 3058 Data
468 2993 524 3059 111.
548 2985 619 3058 Kal.
642 2992 742 3057 Maias
763 2992 932 3062 Eutharico
956 3011 1040 3059 cons.

196 3194 197 3198 =
652 3165 746 3233 221,

80 3218 113 3259 ἢ
175 3290 328 3337 noemsns
346 3281 482 3338 'moeurs
510 3165 651 3338 rossem(
665 3166 771 3349 omasus
800 3288 906 3338 sunna.
973 3273 1109 3354 Necesse
1133 3276 1191 3348 est,
1214 3275 1251 3338 ut

131 3377 184 3441 uel
198 3427 200 3430 .
214 3377 251 3455 de
264 3395 267 3400 ·
281 3378 441 3443 iniunctae
473 3378 605 3456 actionis
638 3369 723 3444 statu
754 3379 807 3462 uel
839 3378 877 3442 de
913 3381 1036 3443 uestrae
1073 3356 1250 3445 dilectionis

166 3553 317 3605 bnostraur
338 3551 442 3606 (louet..-
459 3553 575 3606 uestram
600 3551 625 3604 V
673 3549 865 3607 6instnctioni
887 3550 917 3614 V,
937 3565 1004 3605 corr
1025 3568 1042 3601 α

149 3636 230 3693 220.
265 3638 333 3693 Dat.
353 3655 379 3695 a.
401 3642 454 3694 519
466 3639 666 3709 1111291111,
679 3638 914 3708 pchoab'num.
953 3638 1025 3692 Edu.
1048 3638 1110 3692 G.ar
1129 3638 1159 3692 1²
1178 3641 1251 3707 500;

129 3726 198 3781 Bar.
218 3726 257 3783 cd
274 3743 299 3784 a.
322 3729 383 3790 519
394 3731 451 3799 71,·
468 3727 667 3797 31111422·
685 3727 793 3782 Collect
815 3725 931 3794 Concilq
951 3726 1029 3781 roso
1048 3729 1114 3782 867.
1151 3719 1184 3781 10
1202 3744 1249 3781 on·

129 3831 208 3868 xrsnn
230 3815 256 3868 V
294 3816 327 3870 16
345 3793 527 3870 desiderantes
544 3817 653 3886 scripsi:
671 3815 814 3885 designans
837 3815 868 3879 V,
887 3814 1066 3868 desideramus
1085 3812 1112 3864 ο2
1155 3816 1189 3870 23
1208 3831 1252 3869 ec

130 3903 225 3957 clasiae
243 3905 331 3973 gratia
347 3903 456 3972 ecrc'pai:
475 3903 614 3974 ccolasticq
633 3908 743 3974 gre'(=
758 3902 856 3985 gratie)
879 3896 910 3966 V,
929 3903 1041 3957 ecclesia
1059 3919 1155 3972 graeca
1173 3901 1199 3954 ο2
1304 3903 1305 3906 ’

164 3989 230 4047 221.
266 3991 335 4045 Dat.
354 4008 380 4045 a.
403 3995 456 4045 519
473 3992 517 4046 dic
533 3995 574 4046 29
591 3993 658 4063 Apr.
673 4009 724 4060 per
741 3991 908 4061 Stephanum
925 3991 1123 4060 nepotiatorcm
1176 3990 1249 4046 Edd

133 4077 200 4135 Can
221 4077 251 4132 1²
277 4082 337 4132 500
359 4080 484 4146 ,·Oollect.
511 4080 626 4148 Concilq
647 4080 729 4134 BTA
748 4080 772 4134 1
792 4083 863 4145 422,
889 4078 967 4132 Toto
985 4081 1057 4146 868,-
1079 4080 1164 4134 obiter
1181 4094 1253 4133 cocr-

19 4225 23 4230 ,
128 4172 258 4228 memorat
274 4166 343 4221 Bor.
364 4168 402 4221 ad
419 4150 446 4222 ἃ.
468 4171 529 4232 519,
551 4173 596 4222 70.
