2864 4620
322 320 324 325 =
395 300 480 370 Epist.
499 274 677 355 curmmv
697 301 710 354 1
731 331 763 340 -
784 299 946 355 cmxxxv
964 302 989 355 c.
1187 306 1250 369 653

127 498 287 581 dogmata,
309 515 387 578 quae
411 514 447 560 ex
468 495 570 559 beatis
595 497 626 558 et
649 495 764 560 sanctis
788 494 950 578 discipulis
970 498 1001 559 et
1019 496 1169 577 apostolis
1190 496 1249 573 dei,

124 603 291 685 praecipue
312 601 399 666 Petri
422 601 537 667 summi
560 602 781 684 apostolorum,
802 601 869 668 sedi
888 605 1012 666 sanctae
1034 604 1156 666 uestrae
1176 606 1253 666 suut

125 708 249 787 tradita,
273 711 306 773 et
326 708 405 771 nihil
428 708 473 772 eis
501 707 668 790 pretiosius
698 707 883 771 existimare.
928 724 1028 790 neque
1056 707 1138 772 euim
1165 711 1253 772 extra

125 816 249 881 aliunde
263 816 392 880 ueniens
408 817 532 879 sauctae
552 814 701 879 ecclesiae
721 814 892 878 constituta
908 814 1017 898 ignoro
1037 814 1093 878 sed
1111 815 1250 880 nutritus

91 941 181 1005 sper
211 921 261 986 dei
291 921 486 986 uoluntatem
519 940 553 985 er
581 921 701 985 'teneris
724 920 883 1004 unguibus
906 920 938 984 in
962 922 1070 985 sancta
1092 920 1248 985 catholica

125 1028 260 1092 ecclesia
281 1027 370 1110 parui
391 1047 448 1110 per
464 1030 604 1109 tempora
623 1026 830 1091 sanctissimis
854 1025 1069 1098 sacerdotibus
1097 1029 1134 1091 etv
1154 1027 1247 1109 patri-

124 1133 238 1198 archis.
270 1152 341 1197 uam
369 1133 494 1214 saepius
521 1132 719 1215 praepositus
747 1132 806 1210 his,
836 1132 889 1215 qui
914 1151 970 1215 per
1000 1132 1246 1198 sacratissimum

125 1243 158 1304 et
182 1239 337 1305 ineffabile
364 1240 521 1322 baptisma
544 1259 602 1304 sua
628 1241 746 1319 eruunt
771 1243 909 1322 peccata,
936 1241 1054 1304 rectam
1082 1241 1114 1304 et
1140 1258 1246 1303 ueram

123 1345 217 1411 unius
250 1346 402 1411 essentiae
428 1346 578 1411 trinitatis
605 1345 698 1410 docui
724 1344 828 1423 fidem,
852 1363 955 1428 quam,
980 1345 1063 1422 sicut
1089 1344 1246 1427 praefatus

74 1473 101 1512 ιο
114 1471 205 1530 sum,
229 1470 265 1516 err
287 1451 450 1535 discipulis
473 1452 579 1535 magui
602 1452 651 1516 dei
674 1454 706 1516 et
729 1450 895 1516 saluatoris
918 1450 1016 1515 nostri
1037 1450 1110 1516 Iesu
1130 1449 1247 1515 Christi

122 1557 342 1640 procedentem
365 1557 503 1622 omnium
529 1556 726 1622 sacerdotum
749 1562 782 1620 et
804 1557 943 1621 omnium
964 1557 1088 1638 patrum
1112 1556 1245 1637 amplec-

114 1656 201 1728 titur
230 1666 349 1730 coetus.
373 1663 514 1732 diuinum
538 1664 620 1741 euim
642 1682 675 1727 re
698 1682 772 1727 uera
796 1666 938 1727 sanctum
961 1665 993 1727 et
1015 1682 1033 1727 a
1056 1662 1113 1727 deo
1137 1661 1245 1726 datum
1269 1665 1292 1728 4

124 1769 301 1854 symbolum
332 1772 543 1834 trecentorum
570 1769 677 1834 decem
704 1771 736 1834 et
758 1771 828 1833 octo
857 1771 1035 1833 sanctorum
1063 1771 1186 1850 patrum
1213 1768 1245 1832 in

80 1894 83 1900 ·
122 1874 261 1939 Nicaeua
270 1875 524 1960 congregantium
535 1874 628 1939 adoro
644 1879 676 1938 et
688 1874 831 1957 praedico
847 1877 879 1939 et
893 1873 1062 1939 Christiani
1072 1873 1244 1957 splendoris

71 2000 102 2041 ιιι
122 1981 324 2054 manifestum
345 1981 496 2046 iudicium
520 2000 588 2046 esse
607 1981 755 2046 annuntio
776 1982 808 2045 et
826 1980 1051 2065 quinquaginta
1070 1984 1102 2044 et
1120 1983 1246 2044 centnm·

123 2089 303 2152 sanctorum
327 2085 523 2152 sacerdotum
544 2087 576 2151 in
599 2087 660 2151 hac
682 2087 758 2151 urbe
785 2087 870 2170 regia
891 2087 1007 2150 factam
1033 2085 1245 2150 uenerabilem

123 2191 286 2276 synodum,
327 2192 472 2261 similiter
507 2196 539 2257 et
575 2193 778 2258 ducentorum
818 2192 868 2256 dei
907 2194 1079 2257 amatorum
1118 2194 1241 2273 patrum

123 2301 312 2387 conuentum
332 2298 363 2362 in
387 2299 550 2380 Ephesena
571 2298 700 2376 lactum,
723 2298 851 2382 triginta
869 2301 901 2363 et
924 2301 1142 2365 sexcentorum·
1155 2317 1239 2361 reue·

120 2404 503 2488 tentissimorumpatrum
514 2407 547 2470 et
556 2404 751 2470 sacerdotum
762 2404 914 2488 synodum
923 2405 1038 2470 factam
1049 2402 1241 2469 Chalcedone

70 2529 101 2568 ιο
121 2530 216 2575 uuam
232 2529 300 2576 esso
320 2511 605 2588 etconueuientem
623 2513 655 2575 et
672 2510 921 2596 compaginatam
938 2509 1105 2594 praedictis
1125 2508 1241 2573 sanctis

122 2617 262 2682 conciliis
284 2618 352 2700 ipse
375 2637 432 2701 ego
456 2615 550 2681 didici
574 2617 713 2701 aliosque
736 2617 845 2682 docere
874 2616 1017 2700 cognoui.
1040 2616 1073 2680 in
1095 2615 1145 2679 his
1168 2633 1240 2698 ergo
1265 2620 1284 2683 5

121 2726 269 2806 quattuor
287 2723 403 2788 sanctis
418 2725 450 2788 et
463 2723 562 2788 sacris
578 2720 702 2807 synodis
719 2742 868 2807 magnum
887 2723 1012 2805 pietatis
1030 2721 1242 2804 praedicatum

120 2829 305 2912 mysterium
328 2830 361 2893 et
383 2829 521 2893 omnium
542 2829 705 2894 hominum
727 2835 776 2893 est
797 2829 939 2912 repositav
956 2828 1052 2893 salus.
1076 2846 1129 2891 eos
1149 2827 1240 2903 enim,

121 2936 176 3018 qui
210 2935 338 2999 fuerunt
367 2935 419 3000 uel
456 2937 531 3000 suot
569 2933 708 3010 eiusdem
750 2935 931 3010 sententiae,
969 2945 1000 2998 et
1036 2933 1173 3015 suscipio
1211 2945 1246 3023 et

70 3061 102 3100 ιι
121 3040 292 3125 amplector
319 3044 351 3106 et
377 3041 459 3106 uniri
486 3061 535 3106 me
563 3041 608 3106 eis
637 3041 752 3126 dilig03
785 3061 801 3105 e
830 3043 936 3106 contra
963 3042 1068 3104 autem
1095 3058 1158 3117 eos,
1188 3037 1241 3120 qui

119 3150 241 3229 praeter
253 3147 332 3212 istas
347 3147 423 3230 quid
437 3144 576 3213 sentiunt
589 3150 644 3211 aut
656 3147 837 3230 praedicant
854 3147 906 3211 uel
919 3145 1086 3229 praeterito
1102 3146 1242 3227 tempore

119 3253 240 3336 aliquid
276 3255 378 3319 conati
413 3256 496 3330 sunt,
534 3272 552 3318 a
588 3256 679 3318 coetu
720 3253 960 3318 orthodoxorum
1000 3254 1135 3316 extorres
1172 3267 1241 3313 esse

120 3356 274 3428 existimo.
307 3360 452 3425 similiter
472 3362 575 3426 rectas
597 3379 630 3424 re
653 3378 728 3424 uera
750 3362 783 3424 et
808 3357 1063 3443 religiosissimas
1092 3355 1240 3437 epistolas

118 3465 304 3530 uenerabilis
336 3485 434 3548 papae
461 3467 573 3531 Leonis
604 3484 659 3547 pro
692 3467 777 3529 recta
802 3463 862 3529 fide
891 3462 1081 3543 conscriptas
1111 3461 1240 3532 circum-

71 3591 102 3632 so
120 3571 291 3653 amplector
317 3574 349 3636 et
375 3571 524 3655 suscipio.
557 3572 670 3636 hebeat
700 3571 798 3654 igitur
829 3571 908 3634 hanc
940 3567 1128 3641 seutentiam
1160 3567 1283 3637 circae

119 3696 169 3740 me
192 3680 315 3742 uestrae
337 3678 542 3743 beatitudinis
566 3681 673 3742 sancta
694 3676 887 3751 fraternitam
918 3675 1007 3740 uobis
1036 3673 1118 3738 enim
1144 3673 1241 3736 maui-

154 3835 178 3888 61
189 3833 279 3888 docuit
301 3835 331 3899 V,
350 3850 416 3888 corr.
430 3833 456 3884 ο2
501 3834 530 3887 11
551 3837 656 3903 patrum
674 3833 816 3900 temptauit
832 3827 947 3886 Horret:
965 3847 1043 3900 quam
1066 3831 1096 3890 V.
1114 3829 1242 3883 laicorum

117 3923 195 3988 Bac,
215 3923 405 3977 catholicomm
432 3923 509 3976 Thiel
564 3923 596 3977 14
617 3923 729 3976 nicaena
752 3922 778 3976 V
800 3923 846 3986 (sc.
871 3921 982 3991 syuodo,
1006 3921 1040 3988 cf.
1060 3937 1088 3988 p.
1111 3920 1243 3985 591,17,·

120 4013 256 4079 653,1a):
275 4011 376 4065 Nicaea
397 4012 460 4066 Gar.
532 4003 753 4082 congregatorum
776 4010 838 4064 Car.
911 4009 1053 4077 christiane
1077 4008 1108 4072 V,
1128 4023 1195 4061 corr.
1215 4005 1241 4056 ο2

119 4099 291 4154 15iudicium
303 4099 426 4168 colitrep.
468 4100 594 4165 dducam
609 4099 749 4153 Vsueram
761 4099 830 4152 Bar.
867 4098 900 4152 25
915 4097 990 4151 unire
1004 4097 1072 4149 Bar.
1109 4079 1203 4164 dd'pto
1219 4095 1246 4148 V

117 4189 150 4242 31
169 4187 341 4241 manifestum
358 4187 427 4242 Bar.
