2864 4620
432 109 839 180 amfflwfflm
1134 117 1198 180 ffl3

66 305 189 370 tissime
201 304 385 387 gubernanti
395 305 579 368 annuntiare
593 304 653 368 tibi
668 323 777 387 pacem
791 305 878 388 pacis
894 305 1029 371 11111111
1041 308 1197 383 cunctaui,

67 411 97 476 in
125 411 270 476 omnibus
301 411 358 475 deo
389 410 617 489 amantissime,
645 409 789 476 utillud
816 411 967 495 gandium
997 412 1102 490 salias,
1136 433 1197 495 quo

66 518 169 583 Dauid
192 517 319 601 quidem
340 517 516 607 ¹secundum
539 517 643 600 legem
665 517 698 581 in
722 536 810 583 arcae
835 518 884 584 dei
902 519 1100 583 reuocatione
1115 518 1198 603 figu-

64 625 171 698 raliter
202 624 372 702 exultabat,
405 623 541 706 apostoli
572 642 647 689 uero
679 643 734 708 per
765 624 897 708 gratiam
928 625 1081 690 ueraciter
1101 625 1198 690 laeta-

33 731 187 796 abantnr.¹
255 730 357 814 gaude
384 731 491 812 itaque
518 730 550 794 in
579 730 705 796 domino
734 731 890 816 gaudium¹
910 733 984 796 tuae
1008 731 1197 796 conueniens
1222 729 1241 790 5

64 837 224 902 sanctitati
243 840 275 901 et
293 836 395 901 scribe
410 855 455 914 ea,
481 855 560 919 quae
574 839 717 902 uestmm
736 837 906 920 benignum
922 837 1062 901 animum
1076 836 1197 914 decent,
1247 883 1250 890 .

63 941 157 1008 homo
181 942 246 1007 dei!
270 963 352 1017 nam,
372 962 451 1025 qnae
465 943 589 1008 inerant
603 943 716 1018 diuisa,
732 943 899 1008 coniuncta
913 944 987 1008 sunt
1006 945 1038 1007 et
1056 941 1199 1025 dispersa

63 1049 197 1128 collecta
211 1053 286 1114 sunt
300 1054 341 1123 et,
357 1068 436 1131 quae
449 1049 544 1134 longe
564 1052 661 1126 erant,
681 1049 742 1113 sibi
757 1049 896 1114 'inuicem
917 1048 1051 1115 adunata
1068 1050 1142 1112 sunt
1156 1051 1197 1136 et,

63 1157 280 1239 sicutoportet
290 1156 392 1220 dicere
403 1160 435 1221 et
444 1156 520 1221 olim
531 1155 657 1238 scripsi,
671 1159 821 1239 utrasque
832 1155 982 1221 ecclesias
991 1158 1057 1220 tam
1068 1153 1197 1219 senioris

22 1280 48 1319 10
60 1281 157 1345 quam
170 1281 271 1328 nouae
285 1263 403 1327 Romae
418 1281 512 1326 unam
529 1279 598 1326 esse
613 1262 774 1327 euidenter
786 1262 974 1345 intellegens
989 1263 1021 1326 et
1033 1261 1199 1340 utriusque

45 1372 171 1444 ¹earum
207 1388 303 1434 unam
339 1369 446 1435 sedem
478 1372 561 1434 recte
591 1387 660 1433 esse
684 1368 834 1434 definiens
866 1366 1093 1434 indiuisibilem
1125 1365 1198 1431 adu·

62 1476 221 1562 nationem
241 1479 274 1540 et
290 1475 456 1558 utriusque
480 1479 623 1541 nostrum
648 1495 815 1544 consonam
839 1474 1103 1541 confirmationem
1126 1489 1199 1537 cum

60 1581 171 1656 iudicii
203 1581 383 1666 integritate
416 1599 582 1664 cognosco.
648 1580 729 1645 unde
750 1584 828 1665 ro'gc
858 1581 952 1645 deum
980 1597 1103 1662 semper
1131 1578 1243 1643 111116

61 1685 303 1769 inseparabilem
340 1703 518 1768 permanere
551 1684 743 1750 orationibus
776 1688 953 1750 sanctorum
984 1684 1198 1767 apostolorum

20 1810 43 1850 1³
62 1795 96 1859 et
117 1795 190 1857 tuae
214 1791 359 1875 precibus
384 1790 572 1868 sanctitatis,
591 1809 646 1872 per
665 1808 742 1871 quas
765 1789 873 1857 donari
891 1789 981 1855 uobis
1000 1793 1033 1854 et
1049 1789 1197 1856 uniuerso

60 1899 179 1965 mundo
195 1897 474 1964 clementissimum
490 1900 522 1961 et
536 1896 841 1963 Christianissimum
854 1895 1027 1981 prinoipem
1040 1896 1199 1960 Iustinum

62 2008 95 2071 et
117 2005 296 2089 piissimam
320 2005 388 2069 eius
412 2005 591 2087 coniugem,
610 2006 751 2068 nostram
776 2006 882 2068 autern
903 2003 1011 2083 filiam,
1030 2001 1196 2066 Eufimiam
1276 2006 1278 2012 '

61 2111 93 2191 in
117 2129 195 2195 pace
218 2111 328 2174 multis
351 2109 546 2196 temporibus
571 2112 796 2193 comprecatur,
820 2128 875 2193 per
894 2109 998 2174 omnia
1014 2107 1198 2173 beatissime

63 2224 97 2282 et
123 2217 287 2282 karissime
315 2216 420 2281 frater.
488 2216 592 2301 ganisi
618 2217 717 2300 igitur
744 2216 782 2280 de
809 2216 986 2299 praesentia
1011 2214 1196 2280 reuerentia·
1219 2215 1238 2278 7

16 2341 44 2381 ¹⁰
63 2324 217 2389 simorum
237 2323 456 2407 episcoporum
474 2341 610 2387 necnon
630 2325 663 2386 et
681 2323 864 2387 clericorum
882 2324 1060 2387 uestrorum
1079 2319 1195 2405 gratias

62 2429 200 2513 agimus,
224 2428 372 2510 quoniam
395 2428 568 2493 secundum
590 2429 773 2511 petitionem
792 2431 930 2493 nostram
949 2428 1028 2492 tales
1047 2426 1194 2510 pacificos
1274 2504 1275 2507 Ἴ

62 2536 154 2600 uiros·
179 2536 211 2598 et
237 2536 362 2599 uestrae
390 2534 503 2618 dignos
526 2534 825 2618 sedisapostolicae
848 2533 1031 2599 destinastis
1054 2528 1196 2618 reguiam

62 2643 188 2726 petrum
217 2640 284 2705 sine
312 2640 494 2705 confusione
522 2644 683 2705 seruantes
710 2640 865 2723 fidemque
892 2640 1060 2705 indiuisam
1092 2641 1195 2704 custo·

64 2746 197 2815 dientes.
222 2765 355 2829 quorum
379 2748 604 2829 amplectentes
627 2746 659 2810 in
683 2747 827 2812 omnibns
850 2750 986 2813 mentem
1010 2748 1124 2811 cuncta
1141 2763 1196 2828 per

19 2872 46 2911 a
64 2872 127 2932 eos,
142 2853 182 2919 ad
205 2853 453 2922 satisfactionem
477 2856 601 2918 nestrae
624 2852 747 2936 egimus
772 2852 958 2918 sanct‘tatis.
1023 2871 1144 2917 ornnem
1162 2852 1194 2916 in
1219 2852 1239 2915 8

65 2958 190 3026 Christo
213 2959 451 3037 fraternitatem,
476 2978 554 3042 quae
578 2979 650 3025 curn
672 2963 780 3025 uestra
796 2960 973 3038 sanctitate,
994 2965 1052 3043 ego
1071 2977 1195 3041 quoque

64 3068 97 3131 et
119 3064 182 3131 mei
203 3064 375 3149 plurimum
398 3065 583 3131 salutamus.

153 3240 845 3327 ausegunarrsesnaaaesq.r

100 3379 187 3433 l'non
206 3379 331 3432 cunctani
349 3379 395 3446 (=
412 3356 564 3442 ncuuctaui)
584 3381 730 3448 1111ρί11111
751 3344 930 3455 1111111117,
958 3379 1085 3452 festinaui
1115 3378 1195 3433 Tba'cl

66 3468 99 3523 17
123 3471 214 3522 antem
237 3485 254 3520 α
275 3483 348 3521 moa.
368 3473 452 3537 pest,
475 3468 542 3524 cod.⁴
555 3468 690 3536 Aregelia:
713 3471 761 3521 ant
787 3468 813 3522 V
898 3470 932 3522 22
955 3468 1014 3521 sedi
1040 3467 1071 3533 V,
1093 3483 1194 3524 corno

63 3552 99 3613 23
117 3555 235 3610 indiuisa
256 3554 288 3620 V,
308 3571 375 3612 cerr.
396 3576 409 3609 o
463 3557 497 3612 26
516 3559 688 3612 uestra-(est)
705 3557 767 3612 Car.
