2864 4620
506 301 846 375 spirabimus-rr.
1180 308 1242 371 aar

120 499 253 566 ecclesia
286 500 343 564 deo
375 497 503 563 iuuante
533 498 757 580 processimus,
791 497 846 562 sed
879 497 984 579 qualia
1015 498 1129 581 gaudia
1162 498 1246 564 facta

119 605 184 672 siut
205 604 347 683 unitatis,
371 603 635 686 quemadmodum
659 604 737 668 dens
760 603 944 668 benedictus
968 604 1020 682 sit,
1039 623 1118 687 quae
1135 605 1245 670 laudes

124 731 248 796 quoque
279 712 370 776 beato
402 704 496 776 Pet'ro
528 710 671 794 apostolo
705 713 736 774 et
766 710 858 775 uobis
890 711 1007 776 relatae
1039 711 1112 790 sint,
1143 712 1245 795 ipsius

122 818 253 884 actionis
277 797 524 882 consideratione
546 815 735 899 perspicitis,
759 816 842 897 quod
865 835 936 881 mea
956 816 1066 900 lingua
1083 837 1142 884 non
1162 819 1255 884 ualet.

91 923 284 1007 repoeare.
313 923 393 987 nihil
420 924 469 987 est
495 921 701 988 subsecutum
729 920 900 986 secundum
931 924 1008 988 uota
1030 919 1245 1002 inimicorum,
1258 929 1299 993 14

117 1049 178 1096 uon
202 1028 326 1107 seditio,
349 1047 411 1093 uon
431 1028 546 1114 offusio
571 1027 742 1111 sanguinis,
766 1047 828 1094 non
851 1029 1019 1107 tumultus,
1043 1029 1127 1111 quod
1143 1031 1246 1097 ueluti

118 1139 271 1207 terrentes
291 1135 413 1200 inimici
432 1138 528 1199 antea
549 1134 780 1216 praedicabant.
804 1134 866 1216 ipsi
889 1154 1015 1217 quoque
1038 1136 1247 1219 ecclesiastici

115 1240 453 1326 Constantinopolitani
474 1241 662 1326 admirantes
683 1240 791 1306 etdeo
810 1239 927 1325 gratias
945 1228 1116 1307 referentes
1137 1242 1246 1308 dicum

114 1368 286 1432 numquam
323 1367 357 1413 se
393 1344 574 1412 meminisse
611 1346 707 1411 nullis
742 1346 939 1430 temporibus
974 1345 1094 1416 tentem
1134 1349 1244 1433 populi

74 1475 100 1516 ro
115 1453 352 1520 multitudinem
371 1452 630 1518 communicasse.
687 1451 738 1517 his
757 1451 938 1536 adimpletis
958 1453 1053 1517 otiam
1071 1454 1246 1522 clementis·
1258 1452 1298 1515 15

70 1589 73 1595 ¹
116 1561 217 1628 simus
231 1561 400 1644 imperator
413 1560 453 1624 ad
468 1559 698 1624 beatitudinem
716 1562 855 1623 uestram
875 1578 933 1624 sua
951 1559 1068 1643 scripte
1085 1561 1248 1628 subiunxit

118 1667 259 1733 ordinem
280 1666 327 1731 rei
350 1668 459 1750 gestae
481 1665 672 1749 significans,
693 1664 839 1730 similiter
858 1667 889 1729 et
906 1665 956 1730 uir
973 1666 1246 1731 reuerentissimus

94 1792 96 1795 ’
115 1774 270 1840 lohannes
294 1771 656 1853 Constantinopolitanae
680 1771 820 1836 ciuitatis
844 1771 986 1836 antistes.
1009 1771 1133 1836 noueris
1152 1773 1247 1837 etiam

117 1881 150 1944 et
171 1897 259 1944 sacra
278 1878 437 1967 generalia
456 1897 525 1942 esse
543 1877 694 1952 <e>dicta
707 1880 801 1960 atque
816 1877 972 1942 credimus
988 1877 1045 1942 deo
1059 1877 1195 1961 propitio
1216 1882 1249 1943 et
1314 1960 1316 1964 Α

57 2003 99 2047 u
115 1986 231 2051 aestus
255 1984 373 2051 sanctis
396 1983 591 2050 orationibus
613 2001 668 2066 per
685 1983 850 2048 uniuersas
865 1983 1044 2064 prouincias
1060 1983 1246 2065 quantocius

119 2091 277 2157 destinari.
344 2090 423 2155 haec
456 2088 727 2172 Constantinopoli
759 2091 848 2173 gesta
885 2091 968 2153 sunt.
1006 2091 1056 2153 est
1091 2107 1172 2154 nunc
1209 2089 1299 2154 de16

117 2196 313 2263 Antiochena
344 2195 478 2261 ecclesia
507 2197 662 2260 tractatus
690 2197 723 2260 ot
749 2195 818 2260 ideo
847 2195 949 2261 adhuc
974 2194 1145 2273 laboratur,
1174 2196 1247 2276 quia
1363 2207 1365 2216 ¹

119 2303 253 2369 necdum
275 2321 408 2386 persona
430 2319 569 2386 congrua
586 2303 636 2367 est
654 2301 763 2369 electa.
784 2303 851 2366 oret
869 2318 943 2385 ergo
961 2300 1123 2366 beatitudo
1141 2304 1247 2367 uestra

115 2411 278 2488 intentius,
301 2410 339 2473 ut
361 2408 449 2485 deus,
473 2407 528 2490 qui
550 2406 665 2473 uestris
688 2406 834 2490 precibus
854 2410 1002 2478 >exoratus
1026 2406 1246 2473 Constantino-

56 2537 103 2580 ιο
119 2514 480 2600 politanamecclesiam
502 2512 695 2596 apostolicae
719 2512 787 2578 sedi
808 2513 959 2592 restituit,
982 2513 1050 2596 ipse
1073 2514 1105 2577 et
1123 2512 1246 2597 dignam

118 2639 284 2706 personam
312 2620 405 2685 donet
431 2618 463 2683 in
489 2616 658 2684 Antiochia
686 2617 887 2685 ordinandam
910 2621 943 2683 et
964 2618 1109 2684 assiduas
1133 2619 1248 2684 adunet

117 2727 276 2794 ecclesias.
321 2725 537 2797 rescribe<re)
554 2724 702 2806 episcopo
717 2721 1062 2808 Constantinopolitano
1077 2725 1105 2790 si
1122 2725 1300 2792 uiolaturi?

118 2831 308 2900 beatitudini
335 2833 470 2906 uestrae,
493 2829 587 2894 facite
610 2829 800 2894 mentionem
824 2829 1060 2896 damnationum
1084 2829 1191 2899 Seueri
1217 2834 1248 2895 et
1341 2883 1342 2886 .

118 2937 257 3015 illorum,
280 2955 360 3020 quos
383 2934 568 3000 nominastis
590 2934 623 2998 in
647 2933 780 3017 epistola
800 2934 866 3012 illa,
891 2955 984 3018 quam
1008 2937 1181 3018 scripsistis
1209 2936 1246 3000 ed

71 3061 102 3104 aa
119 3041 288 3110 secundam
317 3040 445 3124 Syriam·
464 3059 521 3124 per
545 3040 716 3106 Iohannem
744 3043 776 3105 et
803 3039 948 3125 Sergium
974 3042 1154 3108 monachos.
1187 3043 1248 3107 hoc

117 3149 224 3233 ipsum
256 3150 288 3213 et
318 3146 358 3211 ad
387 3138 608 3230 imperatorem
638 3147 845 3212 rescribentes
878 3148 905 3211 si
936 3147 1085 3224 feceritis,
1123 3148 1248 3213 uidetur

118 3254 196 3319 mibi
218 3253 430 3327 necessarium
454 3272 523 3317 esse
542 3289 589 3320 aa

154 3443 325 3498 larcleriam
348 3441 410 3497 Gar.
481 3442 713 3512 procerrimae&
737 3444 765 3506 V,
786 3443 903 3497 correxi:
925 3442 1101 3511 processimus
1120 3445 1148 3497 et
1165 3444 1249 3512 aalpo
1293 3472 1294 3476 ,

119 3531 339 3601 ipraediccbaut
352 3532 413 3587 edit.
427 3531 502 3600 cepio
538 3528 668 3602 9ullisp²
703 3531 737 3584 14
746 3530 835 3585 edicta
848 3531 937 3589 Tbs'el:
953 3531 1026 3584 dieta
1043 3530 1074 3594 V,
1089 3530 1163 3587 edita
1176 3531 1248 3586 Bar.

120 3620 152 3676 lt
171 3619 397 3689 constantinopoh
416 3619 441 3672 V
458 3635 557 3674 corae
612 3623 653 3674 est
670 3620 778 3688 sambri:
798 3623 826 3674 et
844 3620 871 3674 V
885 3619 946 3674 Cor.
986 3621 1017 3673 17
1036 3623 1167 3676 tractatur
1183 3619 1245 3674 Car.

119 3709 152 3763 22
170 3707 314 3762 rescribere
331 3708 439 3776 sampsi:
457 3708 572 3762 rescribe
589 3708 619 3774 V,
638 3707 776 3762 rescribite
798 3708 861 3763 Car.
897 3709 1081 3778 assumsisti
1099 3708 1129 3772 V,
1150 3724 1218 3763 corr.
1234 3728 1247 3779 ρ

119 3797 152 3851 26
170 3796 258 3867 ipsum
277 3796 332 3864 (acl
348 3795 438 3866 ipsud)
459 3800 487 3851 st
508 3797 599 3851 Tbiel:
618 3798 706 3867 ipsum
725 3796 772 3850 det
794 3797 820 3850 V
887 3797 972 3851 uerba
991 3797 1042 3852 hoc
1059 3798 1148 3869 ipsum
1167 3799 1195 3850 st
1213 3796 1248 3850 ad

118 3883 181 3955 imp.
199 3884 374 3939 rescribentes
396 3885 505 3940 amanei
528 3887 562 3939 ob
581 3887 619 3940 aie
637 3902 707 3954 quoe
729 3885 898 3950 antecedant,
917 3886 965 3940 aed
981 3892 1046 3955 post
1067 3886 1245 3940 necessarium

120 3988 176 4027 esse
196 3972 293 4042 aliqua
310 3973 440 4028 medicae
457 3964 587 4028 uidentur
