2864 4620
430 331 515 400 nprsc.
535 327 704 385 ccxx-1114
722 357 755 368 -
773 325 919 383 ccxxnn
937 329 963 385 4.
1192 332 1255 396 685

644 518 751 606 (ecc.)

402 686 474 730 Innu
495 684 660 731 suocnsnm
684 683 826 730 muscum
848 683 989 731 DIACONI.

179 809 239 874 Per
259 808 431 892 Eulogium
449 827 480 872 u.
500 825 526 873 c.
545 806 666 870 litteras
685 805 888 874 beatitudinis
906 809 1030 872 uestrae
1049 804 1257 886 suscepimus,

135 915 296 999 inquibus
312 913 511 998 significastis
526 911 730 977 intentionem
750 912 971 976 monachorum
991 909 1208 996 Scythicorum
1228 912 1259 974 ct

97 1040 115 1080 s
137 1020 293 1105 quomodo
311 1020 418 1085 nisum
435 1019 538 1084 fuerat
555 1017 746 1101 apostolatui
763 1020 868 1082 uestro
884 1017 1029 1100 episcopo
1045 1015 1258 1083 Constantino-

136 1128 278 1212 politano
306 1145 434 1192 causam
463 1124 615 1208 delegare,
643 1127 681 1189 ut
707 1125 775 1207 ipse
801 1125 883 1188 inter
910 1142 963 1188 eos
995 1125 1026 1187 et
1058 1124 1112 1207 qui
1143 1123 1180 1187 ab
1213 1123 1259 1187 eis

138 1235 334 1316 impetuntur
361 1233 490 1299 audiret.
504 1231 597 1296 mihi
625 1231 750 1313 quidem
777 1250 838 1312 nou
867 1225 1077 1313 displicuerat,
1105 1229 1179 1312 quia
1204 1230 1259 1299 ubi

139 1339 331 1405 conscientia
353 1359 424 1403 cum
448 1338 498 1402 dei
516 1337 669 1403 adiutorio
689 1338 776 1401 nulla
792 1336 957 1402 formidine
975 1339 1117 1414 torretur,
1138 1354 1155 1398 a
1173 1335 1258 1400 nullo

140 1444 232 1509 debet
260 1444 425 1521 declinare,
451 1445 548 1508 immo
574 1442 676 1527 magis
708 1442 864 1521 festinare,
889 1445 925 1506 ut
951 1461 1007 1525 per
1029 1460 1154 1506 examen
1178 1441 1260 1524 quod

87 1571 119 1610 ιο
140 1569 251 1616 uerum
283 1553 332 1616 ost
362 1549 506 1615 omnibus
537 1549 764 1615 manifestetur.
797 1547 998 1634 significastis
1026 1548 1104 1614 mihi
1131 1548 1168 1612 ab
1195 1547 1260 1612 illis
1284 1539 1303 1601 2

140 1657 399 1722 contestationem
421 1655 592 1734 datam,'ut
609 1674 670 1720 non
688 1654 767 1720 mihi
784 1654 934 1720 haeretici
952 1655 1163 1738 iungerentur.
1183 1672 1261 1736 quos

113 1762 250 1827 dicunt
276 1762 461 1840 haereticos,
490 1781 553 1849 ego
576 1762 694 1846 ignoro.
722 1761 784 1826 nisi
809 1760 882 1826 illos
909 1762 999 1840 forte,
1027 1761 1081 1842 qui
1109 1759 1262 1842 synodum

141 1853 404 1934 calcedonensem
431 1862 618 1949 suscipiunt,
647 1887 724 1950 quos
753 1886 810 1951 ego
840 1867 1009 1933 catholicos
1043 1867 1121 1932 dico.
1154 1865 1262 1931 Uictor

141 1973 289 2040 diaconus
304 1973 436 2039 dicitur:
456 1974 583 2056 quidam
602 1974 764 2053 comisto,
785 1977 951 2055 antequam
969 1991 1025 2038 nos
1045 1971 1262 2037 Constantino·
1286 1963 1305 2026 3

90 2076 123 2139 rc
140 2078 240 2162 polim
257 2079 499 2164 ingrederemur,
518 2079 695 2148 habuerunt
712 2062 916 2146 intentionem
935 2078 973 2143 de
993 2098 1053 2144 uno
1073 2080 1110 2144 de
1124 2079 1262 2144 trinitate

142 2185 287 2250 crucifixo
317 2187 349 2250 et
377 2185 414 2249 de
438 2184 563 2251 Christo
587 2186 760 2269 composito
785 2188 816 2251 et
839 2185 876 2250 de
899 2185 969 2250 aliis
993 2183 1151 2268 capitulis.
1174 2185 1262 2249 nobis

141 2291 194 2356 hic
217 2291 330 2374 positis
354 2292 534 2357 obtulerunt
558 2296 664 2358 contra
685 2293 790 2376 ipsum
808 2291 951 2357 libellum
974 2294 1038 2356 tam
1062 2291 1154 2355 nobis·
1171 2309 1264 2373 quam

142 2396 289 2480 episcopo
314 2395 675 2480 Constantinopolitano:
700 2398 901 2463 conuenimus
924 2397 956 2461 in
979 2397 1106 2461 domum
1126 2397 1264 2479 episcopi

141 2505 188 2580 ut,
201 2501 283 2568 inter
297 2522 349 2568 eos
365 2503 497 2569 intentio
512 2513 591 2586 quae
609 2504 798 2582 certabatur,
813 2521 1069 2590 agnosceremus.
1087 2503 1263 2585 praedictus
1286 2491 1307 2554 4

90 2629 124 2669 20
142 2608 309 2694 episcopus
333 2610 486 2693 synodum
510 2609 770 2675 Calcedonensom
791 2601 938 2693 protulit3
961 2609 1041 2693 legit
1063 2611 1134 2673 anto
1158 2628 1263 2673 omnes

141 2713 254 2793 omnia,
279 2733 357 2796 quae
381 2718 454 2780 sunt
475 2717 507 2780 in
527 2717 635 2781 eodem
655 2716 784 2795 concilio
805 2716 993 2802 constituta,
1008 2715 1115 2788 dicens
1134 2717 1264 2798 praeter

139 2819 202 2883 ista
227 2821 314 2885 nihil·
333 2821 412 2884 mihi
427 2822 527 2887 aliud
554 2822 689 2887 dicatur:
719 2822 773 2904 qui
796 2822 947 2908 sequitur,
963 2822 1032 2899 ista,
1055 2824 1161 2904 potest
1182 2822 1264 2885 inter

142 2925 312 2992 catholicos
336 2929 424 2992 esse'.
448 2928 625 3011 praedictus
649 2919 759 2994 Uictor
775 2928 1099 3012 respondit‘suscipio
1119 2928 1264 2992 similiter·

141 3035 174 3096 ot
196 3033 346 3116 epistolas
369 3052 467 3116 papae
489 3034 602 3099 Leonis
621 3036 653 3098 et
672 3034 772 3099 sancti
790 3033 899 3129 Oyrilli
918 3034 1068 3118 epistolas
1087 3034 1262 3119 synodales,

90 3157 123 3197 ec
142 3156 220 3219 quae
248 3139 380 3204 suntin
409 3137 632 3205 calcedonensi
659 3140 789 3205 concilio
818 3141 982 3224 allegatae,
1011 3144 1042 3205 et
1067 3159 1168 3206 manu
1193 3161 1263 3206 mea

142 3243 305 3309 subscribo
329 3247 361 3308 et
379 3247 581 3313 sacramentis
600 3245 749 3312 confirmo
767 3247 829 3312 istu
847 3265 896 3311 me
916 3247 1074 3330 suscipere
1094 3251 1126 3312 et
1142 3250 1264 3331 praeter

139 3347 202 3412 ista
232 3349 312 3413 nihil
344 3350 430 3415 aliud
461 3351 648 3434 praedicare,
680 3354 712 3416 et
744 3352 771 3416 si
802 3353 949 3417 inuentus
981 3353 1068 3417 fuero
1097 3352 1261 3436 aliquando

175 3769 242 3826 224.
296 3771 365 3827 Dat.
385 3773 478 3839 (simul
496 3789 554 3828 cum
573 3788 612 3843 cp.
630 3778 698 3843 188)
717 3770 744 3832 o.
766 3778 933 3832 519die15
953 3778 1019 3846 Oct,
1032 3793 1085 3847 per
1100 3778 1263 3848 Eulopium5

139 3863 250 3926 accepto
269 3858 312 3911 dic
329 3862 364 3912 17
381 3858 453 3913 Nou.
489 3860 562 3917 Eud.
585 3859 649 3916 Gar.
667 3861 698 3917 1²
718 3867 786 3927 527;
804 3863 972 3922 Baacda.
989 3867 1134 3932 519,122,·
1154 3859 1262 3920 collect.

142 3945 350 4012 Concil.,·1'hicl
368 3949 435 4000 894,
470 3948 648 4017 4soytiarum
665 3948 697 4015 V,
716 3952 831 4005 correxi:
846 3951 1026 4024 Scytharnmp
1062 3952 1177 4009 5fucrit
1198 3944 1261 4007 Gar.

138 4035 254 4088 decusa
276 4035 306 4098 V,
325 4050 425 4089 corno
488 4036 628 4092 laudicen
640 4053 783 4107 perperam
806 4040 883 4094 Touo
943 4041 1122 4096 8terreretnr
1144 4041 1174 4106 V,
1194 4057 1261 4097 corr.
1365 4058 1366 4063 ¹

141 4122 220 4176 Toou
273 4124 306 4178 10
324 4123 512 4179 manifestatur
534 4126 564 4191 V,
584 4142 686 4197 comp
752 4128 790 4182 *17
814 4129 876 4183 hinc
899 4129 931 4192 V,
954 4146 1020 4185 corr.
1044 4131 1113 4193 Bur.
1170 4133 1202 4187 19
1220 4133 1261 4186 in·

136 4212 285 4266 watonem
306 4211 368 4268 Gur.
423 4213 556 4268 urcisini
578 4213 743 4280 Vcorr.o²
796 4217 829 4270 27
847 4217 974 4271 inuentor
996 4218 1026 4283 V,
1046 4235 1147 4276 curuo
