2864 4620
435 291 519 362 Epist.
539 292 631 348 CXXV
652 293 684 347 12
703 323 736 333 —
755 292 862 348 CXXVI
881 295 905 349 7.
1160 302 1221 364 541

104 506 158 550 cur
185 488 405 569 postulationis
433 507 519 552 meae
547 490 713 553 molestam
740 489 973 554 mansuetudini
995 493 1117 556 uestrae
1141 491 1224 573 quis-

103 612 196 673 quam
220 594 303 658 dicat
322 613 390 658 esse
409 595 624 674 frequentiam,
645 614 716 659 eum
734 615 788 676 per
807 615 852 672 ea,
872 615 950 677 quae
972 597 1051 661 fiunt
1069 617 1103 661 ex
1122 596 1222 662 officio

102 717 181 775 meo,
201 719 255 782 per
271 699 408 764 remedia
424 699 498 763 fidei
515 705 620 765 uestro
640 700 820 766 consulatur
837 702 990 783 imperio?
1013 703 1125 768 etenim
1146 723 1223 785 quae

100 823 150 868 me
174 808 281 869 onerat
304 825 386 882 eura,
410 825 467 870 uos
495 807 630 881 releuat;
659 806 737 874 milri
764 807 927 882 incumbit,
955 809 1010 872 sed
1036 808 1127 873 uobis
1154 827 1222 890 pro-

69 909 199 987 sfieiet;
231 912 308 976 licet
335 931 370 977 er
399 912 522 976 diuerso
556 913 673 977 semine
706 932 786 978 unus
819 913 940 979 fructus
973 914 1131 979 amborum
1164 917 1222 979 est.

99 1035 170 1080 nam
198 1017 281 1082 siout
307 1036 405 1099 poena
434 1022 482 1082 est
509 1017 565 1082 nee
593 1018 694 1082 dicere
722 1018 778 1083 deo
807 1022 934 1101 accepta
961 1039 1018 1083 nee
1044 1020 1156 1096 lucere,
1177 1020 1223 1084 ita

98 1125 182 1185 certa
204 1123 410 1187 remuneratio
433 1124 486 1187 uel
508 1123 567 1200 illi,
590 1123 643 1207 qui
668 1124 821 1206 spiritalia
838 1125 1074 1205 praedicanerit,
1093 1127 1146 1190 uel
1163 1125 1220 1208 illi,

97 1229 151 1311 qui
182 1229 289 1293 audita
320 1248 380 1293 uon
412 1230 575 1311 spreuerit.
644 1230 730 1294 dedit
763 1228 887 1311 quidem
919 1231 1084 1296 elementia
1114 1231 1264 1295 nostrai

95 1337 187 1400 uelut
209 1334 348 1400 obsidem
371 1335 527 1417 propositi.
548 1335 597 1400 sui
621 1335 679 1399 sub
702 1336 883 1401 testimonio
902 1336 1072 1418 imperialis
1091 1336 1222 1419 alloquii

50 1460 76 1500 ιο
96 1444 128 1504 et
154 1460 187 1505 se
216 1441 306 1523 quasi
331 1440 459 1524 pignore
488 1441 622 1523 quedam
649 1442 746 1506 bonae
770 1442 944 1506 uoluntatis
967 1441 1141 1519 adstrinxit,
1165 1442 1221 1507 sed

95 1565 173 1628 opus
193 1550 241 1612 est
259 1547 377 1628 coeptis
398 1546 566 1620 <a>dieere
584 1546 773 1614 firmitatem.
794 1550 918 1612 sumant
934 1547 1062 1630 plenum
1078 1548 1219 1613 decorem

91 1651 174 1717 iacta
186 1653 375 1727 fundamina,
389 1670 450 1716 non
467 1653 665 1718 remittantur
681 1656 913 1737 propugnantes
930 1672 986 1735 pro
1006 1653 1055 1718 dei
1074 1654 1215 1718 ecelesiis

91 1778 217 1822 manus:
241 1759 357 1824 totiens
379 1759 594 1823 israheliticus
617 1758 717 1823 hostis
740 1759 908 1837 intercidit,
927 1759 1071 1841 quotiens
1090 1759 1216 1842 Moyses

89 1864 217 1928 brachia
243 1883 303 1929 nou
329 1865 461 1929 remisit.
496 1865 626 1929 effeetus
655 1883 756 1946 opera,
784 1864 854 1930 linis
882 1865 1078 1930 commendat
1108 1864 1215 1941 initia;

47 1987 71 2026 1⁵
90 1986 151 2034 non
173 1970 303 2051 prodest
324 1971 465 2053 coepisse
489 1971 692 2046 deserentem,
716 1969 789 2051 quia
808 1971 875 2035 sola
891 1971 1130 2053 perseuerantia
1147 1970 1220 2035 fidei

91 2076 145 2139 dat
176 2075 319 2140 salutem.
386 2076 600 2144 benedicimus
631 2076 733 2151 deum,
762 2076 852 2140 cuius
880 2077 946 2141 zelo
973 2076 1075 2160 pietas
1107 2081 1260 2148 uestras

89 2184 335 2264 transgressores
358 2182 470 2264 impios
493 2181 673 2246 Nestorium
697 2167 912 2265 et⁹Eutychen
940 2201 973 2247 se
1001 2182 1083 2247 uelle
1107 2182 1211 2247 edisse

90 2287 296 2370 persequique
317 2306 391 2353 cum
414 2287 554 2352 nefandis
579 2291 610 2352 et
633 2289 793 2371 sacrilegis
818 2288 1016 2372 dogmatibus
1039 2287 1203 2370 profitetur

91 2394 203 2474 probat
225 2393 330 2458 edissa
354 2412 387 2457 se
409 2392 498 2469 uitia,
524 2393 576 2475 qui
600 2394 795 2466 condemnatv
812 2395 957 2470 errantes,
984 2410 1041 2485 nec
1065 2391 1213 2473 relinquit

46 2517 72 2556 ro
91 2499 151 2563 sibi
182 2501 287 2563 locum
319 2497 473 2577 damandi,
503 2499 556 2580 qui
586 2518 647 2563 nou
678 2498 851 2582 pepercerit
882 2497 1051 2562 excedenti.
1091 2497 1255 2580 primusb

88 2604 281 2669 innocentiae
305 2604 420 2687 gradm
443 2607 493 2668 est
515 2604 619 2669 odisse
642 2602 805 2686 culpanda,
830 2603 885 2669 sed
907 2603 1050 2668 ueritatis
1072 2603 1211 2675 interest,

88 2709 211 2773 domine
244 2710 299 2784 iili,
337 2713 368 2774 et
400 2710 572 2774 catholicae
609 2709 800 2793 disciplinae,
837 2714 875 2774 ut
910 2710 1080 2774 sectatores
1117 2709 1211 2772 etiam

87 2833 194 2879 eorum
217 2818 310 2896 atque
332 2816 500 2898 participes
524 2815 662 2892 oderitis,
682 2834 814 2897 quorum
836 2815 1036 2880 exsecrandos
1054 2814 1211 2897 principes

86 2920 244 2992 iudicatis.
276 2940 336 2985 nou
359 2921 391 2986 in
415 2921 598 2985 damnandis
622 2921 689 2985 sola
710 2920 743 2986 id
767 2924 816 2985 est
838 2925 923 2986 certa
945 2921 1078 2996 uomina,
1103 2919 1209 2984 sedin

42 3025 135 3090 es'his
159 3026 263 3103 etiam,
283 3026 337 3107 qui
360 3025 522 3091 damnatos
546 3031 728 3110 sequuntur,
749 3030 824 3091 sunt
841 3027 971 3091 crimina
987 3024 1209 3107 persequenda.

86 3131 201 3196 imstra
221 3132 360 3196 ‘auersari
384 3151 416 3196 se
439 3132 543 3214 plures
566 3133 687 3211 asserit,
711 3132 765 3214 qui
786 3151 885 3198 unum
907 3132 945 3197 de
967 3133 1027 3209 his,
1050 3131 1104 3214 qui
1127 3130 1210 3195 dete-

86 3237 220 3302 statione
244 3237 331 3321 digni
353 3238 540 3315 iudicantur,
560 3239 729 3322 exceperim
752 3256 812 3303 non
837 3231 920 3303 enim
942 3256 1089 3302 numerus
1112 3255 1209 3300 erran·

84 3343 165 3407 tium
186 3342 349 3408 homiuum
372 3344 427 3409 sed
449 3345 597 3409 meritum
620 3344 833 3411 consideratur
851 3361 999 3409 errorum:
1048 3343 1108 3407 hoc
1125 3342 1206 3419 ideo,
1232 3340 1251 3403 7

173 3610 205 3664 13
223 3609 257 3664 ct.
276 3609 358 3664 Exod.
379 3610 471 3678 17,11
528 3610 560 3664 15
580 3609 613 3664 ci.
631 3609 728 3665 Matth.
751 3609 791 3674 10,
811 3611 845 3664 22

118 3731 229 3787 inficio
248 3733 275 3787 V
305 3733 488 3789 3consolatur
504 3732 536 3797 V,
551 3748 619 3788 corr.
633 3732 660 3784 ο2
694 3733 829 3804 iprodcit
842 3733 918 3788 Ball.
934 3732 1019 3789 Your.
1055 3733 1167 3788 9uelud
1183 3734 1210 3788 V

83 3823 115 3876 11
136 3821 239 3876 adicere
257 3840 284 3875 n:
303 3821 390 3877 dicere
412 3821 438 3875 V
507 3821 601 3878 decore
615 3821 654 3886 V,
674 3831 774 3876 corno
829 3821 863 3878 14
881 3821 1031 3876 electueV
1081 3822 1112 3875 17
1132 3825 1206 3892 euty-

75 3926 160 3979 cense
182 3909 226 3964 uel
249 3910 336 3965 odisee
359 3907 482 3980 persequi
505 3911 550 3979 qui
572 3926 629 3964 cum
653 3908 684 3975 V,
703 3911 818 3965 corrant:
842 3908 1018 3978 Eutycbetem
1036 3909 1080 3962 uel
1098 3909 1159 3963 odio
1177 3926 1207 3964 ee

80 3999 205 4068 persequi
228 4015 285 4052 cum
311 3999 400 4062 lbiek
424 3994 599 4068 Eutyebetem
621 3999 666 4053 uel
688 4014 733 4053 eos
755 3999 924 4070 persequitur
946 3999 992 4068 qui
1014 4014 1071 4052 curu
1086 4041 1092 4053 .
1108 3999 1205 4068 .profl·

80 4089 173 4140 tantur
189 4087 258 4141 Bur.
340 4086 733 4141 lacrimabundus
800 4088 833 4140 22
857 4086 1041 4156 dissiplich
1109 4088 1142 4141 27
1162 4103 1206 4157 er·

82 4175 177 4246 ciperit
199 4176 225 4230 V
293 4177 361 4230 enim
380 4194 407 4228 o:
427 4177 478 4230 erit
500 4176 536 4231 V
