2864 4620
342 300 346 310 ’
425 300 511 370 Epist.
530 297 647 354 CCXXV
664 300 681 353 9
699 328 732 339 -
751 297 882 354 ccxxvt
899 298 924 354 8.
1171 303 1233 368 691

108 495 275 561 seditionis
305 494 430 558 initium
463 493 521 558 snb
553 493 807 576 interrogationis
840 493 966 559 dolosae
994 499 1169 560 commento
1197 497 1235 560 ab

106 602 249 667 Aristide
279 601 461 684 presbytero
478 603 635 664 'narratur
667 602 817 664 exortum.
849 619 960 664 uerum
992 620 1059 679 nos,
1097 602 1123 666 si
1159 602 1237 667 haec

107 707 278 772 manifesta
301 708 385 783 sunt,
409 706 485 770 adeo
510 705 547 770 de
570 705 661 787 plebe
684 711 746 769 non
765 706 934 787 querimur.
954 707 1013 771 erit
1029 708 1061 771 in
1080 710 1237 790 potestate

107 812 281 878 uenerandi
293 811 608 895 principistemporis
623 811 674 876 sui
689 819 721 876 et
735 811 883 877 catholici
898 813 1068 878 sacerdotis
1081 813 1236 892 iniuriam,

68 939 88 977 e
110 938 174 1001 qna
203 920 322 997 iubeat,
345 936 485 982 resecare
518 936 657 982 censura.
690 918 747 982 sed
777 918 819 995 id,
853 918 937 1001 quod
964 918 1003 984 ad
1030 938 1086 984 nos
1114 920 1236 1001 attinet,
1259 919 1281 982 4

111 1043 188 1090 cura
209 1023 356 1108 pemigili
378 1043 434 1107 per
454 1042 512 1087 uos
537 1024 594 1088 deo
617 1023 751 1106 propitio
775 1024 988 1090 desideramus
1011 1025 1144 1107 implori,
1164 1004 1237 1107 quia

61 1181 63 1184 .
110 1131 235 1195 nullum
267 1130 416 1195 uolumus
450 1131 504 1194 aut
534 1148 595 1194 non
626 1129 753 1194 reddita
778 1130 898 1194 ratione
920 1131 1072 1196 'conuerti
1104 1133 1159 1196 aut
1192 1133 1237 1197 sic

110 1240 231 1304 rectam
258 1237 344 1308 uiam
369 1236 443 1302 fidei
470 1236 618 1320 profiteri,
647 1238 684 1300 ut
712 1235 773 1300 sibi
793 1255 818 1299 a
848 1237 988 1320 principe
1021 1238 1139 1320 aliquid
1171 1238 1236 1302 sine
1289 1321 1291 1324 y

111 1343 271 1410 doctrinae
301 1342 441 1412 remedio
471 1344 619 1407 causetur
649 1341 789 1426 imponi,
808 1342 867 1408 hoc
898 1343 997 1427 igitur
1033 1344 1279 1429 suggestione5

63 1471 91 1508 ro
110 1453 237 1514 uectae
256 1448 494 1531 supplicationis
516 1448 666 1532 peragite,
688 1452 727 1513 ut
748 1448 1036 1514 Thessalonicensis
1060 1451 1236 1532 episcopus,

66 1623 70 1627 ,
112 1554 168 1637 qui
190 1555 249 1619 sub
267 1554 521 1638 interrogationis
541 1555 671 1619 obtentu
690 1554 935 1620 ecclesiasticam
952 1574 1062 1638 pacem
1079 1558 1235 1638 protracto

111 1661 144 1725 in
170 1643 301 1744 longum
329 1660 440 1724 nititur
467 1659 620 1741 dissipare
643 1660 779 1744 negotio,
803 1678 897 1743 qnam
920 1679 939 1724 a
960 1661 1053 1726 uobis
1076 1660 1235 1743 suscipere

111 1766 225 1844 noluit,
254 1787 271 1831 a
296 1766 434 1849 principe
464 1766 503 1830 ad
529 1766 637 1830 urbem
666 1766 805 1831 directus·
826 1767 863 1830 ab
888 1765 1236 1851 apostolicapercipiat

114 1871 187 1937 sede
215 1871 385 1937 doctrinam
413 1874 454 1950 et,
483 1870 632 1954 quicquid
659 1871 720 1935 sibi
743 1871 880 1936 dubium¹
895 1874 996 1954 putat,
1020 1872 1083 1935 hnc
1106 1871 1235 1936 ueniens
1303 1913 1305 1916 -

65 1998 92 2037 1⁵
112 1979 267 2061 praesenti
299 1997 316 2043 a
347 1978 436 2042 nobis
467 1977 671 2060 inquisitione
704 1977 879 2052 condiscat;
910 1979 959 2043 sic
981 1978 1073 2042 enim
1104 1979 1235 2061 probare
1302 1997 1304 2000 ⁴

112 2086 218 2166 potest
240 2103 274 2149 se
297 2081 469 2149 catholicae
491 2083 695 2167 professionis
715 2102 839 2148 seruare
858 2085 1022 2161 cautelam,
1042 2102 1103 2148 non
1120 2083 1235 2147 maliti-

113 2207 166 2255 oso
193 2192 343 2272 concepta
369 2189 526 2254 uindicare
555 2190 732 2254 certamina.
761 2190 840 2254 sciat
866 2208 923 2254 nos
950 2193 1076 2273 paratos
1106 2207 1174 2254 esse
1204 2195 1236 2256 et
1258 2192 1302 2254 6·

112 2296 191 2359 bene
208 2295 397 2378 inquirentes
416 2295 570 2361 instruere
589 2298 621 2360 et
638 2299 773 2361 errantes
793 2295 832 2360 ad
849 2295 922 2361 fidei
939 2298 1060 2360 rectum
1077 2295 1235 2360 tramitem

113 2399 242 2464 scientia
269 2401 631 2484 coaeternaeque
663 2403 689 2467 si
722 2401 866 2467 dubitans
899 2404 1039 2484 paratam
1070 2421 1132 2466 non
1163 2401 1235 2466 uult

66 2527 95 2564 eo
113 2507 248 2590 experiri
280 2507 453 2572 doctrinam
484 2526 541 2572 nec
573 2526 681 2573 rursus
713 2508 745 2571 in
777 2508 979 2590 simplicitate
1011 2507 1122 2585 cordis,
1155 2526 1235 2589 quae

110 2613 198 2695 pacis
227 2616 259 2677 et
282 2613 444 2697 religionis
473 2632 568 2678 causa
593 2613 748 2691 iubentur,
777 2607 950 2692 admittere,
972 2614 1003 2677 in
1036 2615 1143 2696 aperto
1175 2617 1233 2690 est,
1281 2631 1282 2634 ¹

112 2725 174 2802 qua
205 2721 309 2783 mente
340 2719 394 2783 uel
422 2719 474 2793 ¹dei
505 2719 604 2783 nostri
630 2720 805 2802 praeceptis
833 2720 967 2784 obsistat
993 2721 1045 2784 uel
1072 2718 1234 2783 orthodoxi

110 2824 259 2908 principis
301 2825 440 2908 exempla
476 2826 671 2917 contemnat.
717 2825 749 2889 in
793 2826 852 2889 hac
896 2820 969 2909 ergo
1014 2827 1101 2907 parte
1146 2825 1275 2890 totus?

112 2931 326 3016 suggestionis
349 2934 473 2995 uestrae
492 2933 581 2995 actus
599 2930 772 3008 immineat,
792 2931 865 3013 quia
882 2932 1005 2995 necilli
1023 2931 1085 2995 alia
1101 2932 1236 3012 possunt

65 3058 93 3099 aa
110 3037 230 3102 ratione
253 3037 369 3122 saluari
392 3040 425 3102 et
445 3037 593 3101 incitatae
615 3037 716 3118 plebis
740 3038 799 3101 sub
817 3036 877 3101 hoc
894 3036 1006 3101 melius
1024 3035 1233 3101 moderamine

77 3176 80 3181 ·
105 3143 207 3208 'cauea
229 3144 365 3209 sedatur.
389 3163 460 3208 cum
484 3163 544 3226 quo
565 3144 661 3208 etiam·
677 3141 848 3209 Aristidem
866 3143 1083 3225 presbyterum
1100 3142 1234 3226 clemen-

110 3242 255 3314 tissimus
277 3251 420 3332 princeps
445 3249 483 3313 ad
502 3268 558 3315 nos
578 3250 683 3314 uenire
701 3248 881 3332 praecipiat,
901 3248 984 3329 quia,
1004 3247 1088 3312 sicut
1104 3243 1234 3330 praefati

111 3375 231 3434 sumus,
255 3374 372 3433 omnes,
392 3375 525 3438 quorum
542 3375 600 3438 pax
618 3355 831 3420 ecclesiastica
848 3344 1054 3437 ambiguitate
1072 3352 1232 3429 diuiditur,

111 3461 207 3526 simul
234 3461 273 3525 ad
301 3446 550 3526 communionem
578 3464 716 3527 nostram
744 3461 883 3544 depulsa·
901 3459 976 3523 mali
999 3457 1111 3522 erroris
1135 3457 1233 3541 aegri·

64 3587 93 3630 oo
110 3564 421 3632 tudinecatholicae
449 3568 596 3632 scientiae
620 3568 766 3650 cupimus
790 3567 905 3632 sentire
928 3564 1124 3630 medicinam.
1148 3581 1232 3646 prae·
1256 3580 1276 3642 8

109 3676 205 3751 terea,
232 3692 304 3738 mox
330 3673 505 3757 praesentia
531 3692 589 3738 uos
618 3673 785 3757 ‘contigerit
812 3672 928 3755 scripta
950 3671 1119 3754 suscipere,
1143 3669 1233 3733 debe·

147 3924 320 4007 l-doloseV
384 3920 504 3996 2ppiiro
526 3925 553 3979 V
615 3925 772 3991 Saliqu
840 3925 873 3978 12
892 3889 935 3994 qiu
955 3926 1000 3991 (=
1019 3925 1108 3993 quaml
1133 3920 1171 3976 V:
1189 3929 1233 3990 qm

109 4015 156 4080 (=
174 4015 310 4083 quoniam)
331 4031 348 4064 α
401 4012 435 4067 14
452 4015 532 4083 putet
552 4012 615 4066 Our.
686 4012 765 4066 th
832 4012 865 4064 15
883 4011 921 4064 sic
943 4011 980 4063 V:
997 4009 1020 4063 si
1039 4011 1065 4078 p²
1119 4009 1151 4064 16
1170 4019 1265 4062 cau-⁴

107 4101 166 4156 tela
187 4101 219 4165 V,
238 4117 306 4156 corr.
327 4099 353 4170 ρ2
390 4101 422 4154 19
440 4104 534 4171 parata
558 4099 673 4168 V,corr.
694 4099 721 4170 pl
755 4099 937 4154 attaminare
960 4099 987 4151 V
1019 4097 1053 4150 22
1072 4097 1193 4152 ortodoxi
1210 4096 1236 4150 V

107 4188 144 4244 28
162 4190 248 4244 omnis
270 4188 300 4255 V,
319 4205 386 4244 corr.
407 4209 420 4261 p
474 4190 505 4243 31
524 4206 585 4242 mox
597 4191 656 4243 <ut>
671 4187 697 4259 ρ2
