2864 4620
445 281 530 350 Epist.
549 279 668 334 CXXXX
687 280 797 334 10-12.
1119 283 1182 345 579

49 474 81 534 τί
102 472 288 554 θαυμαστόν,
312 469 338 534 εί
359 474 396 533 τὰ
417 474 553 554 πρόβατα
573 472 821 556 καταλειφθέντος
844 469 954 534 ἐκείνου
975 480 1027 533 τοῦ
1050 468 1115 542 ἑνός
1133 475 1185 534 καί

52 571 203 658 ἀληθινοῦ
224 579 363 658 ποιμένος
384 576 652 656 διασκορπισθέντα
674 571 691 636 ό
713 584 887 658 πανοῦργος,
912 576 928 636 ό
950 571 1055 657 αἵμασι
1074 596 1185 660 πεφυμ

53 682 146 761 μένος
173 681 225 741 κοιί
254 675 351 760 ἅρπαξ
378 690 442 748 ταῖς
472 677 603 762 ἐνέδραις
632 676 787 762 ἐτάραξεν;
818 676 846 741 οἱ
873 678 924 762 τὴν
947 675 1110 763 ἀσφάλειαν
1132 665 1184 761 την

50 780 131 844 ίδίαν
152 783 423 865 καταλιμπάνοντες
438 777 522 844 αύτοί
536 779 658 852 ἑαυτούς
680 779 742 852 τοῖς
762 783 917 862 κινδύνοις,
933 777 982 867 ἀφ’
998 778 1038 844 ὧν
1053 785 1185 865 σπαράτ-

16 900 163 966 5τονται,
185 883 383 970 ἐμβάλλουσιν
453 881 528 947 ὥστε
549 882 605 946 κάν
627 895 676 949 νῦν
698 895 768 964 γοῦν
791 897 923 969 στερροῖς
946 887 1073 970 βήμασιν
1096 883 1126 946 ὲν
1148 882 1237 970 valo

53 984 118 1070 όδῶ
146 998 203 1051 τῶν
232 993 374 1072 πατέρων,
403 991 479 1071 πρός
506 988 543 1074 ἣν
566 986 753 1072 ἀνεδράμετε,
778 986 904 1071 ἔνστητε·
933 989 1055 1051 δύναται
1075 991 1131 1072 γάρ
1152 991 1185 1051 τό

51 1100 108 1154 τοῦ
130 1095 205 1155 θεοῦ
227 1089 313 1164 ἔλεος
333 1096 385 1156 καί
405 1093 457 1176 τὴν
478 1102 533 1154 τῶν
556 1085 656 1155 ἀλλων
679 1089 789 1176 δμοίως
811 1091 969 1176 διόρθωσιν
991 1102 1034 1175 τίμ
1056 1087 1186 1176 ὑμετέρῳ

55 1197 169 1278 μισθῖμ,
193 1194 220 1258 εί
239 1199 310 1279 παρ’
333 1191 415 1280 ὑμῶν
438 1198 511 1279 πρός
531 1198 565 1258 τό
587 1191 677 1266 εύθές
699 1192 883 1281 όδηγηθεῐεν,
905 1195 1094 1275 λογίσασθαι·
1118 1177 1186 1258 ἀλλ’

54 1296 181 1370 ἑαυτούς
202 1300 339 1363 καθόλου
362 1297 421 1363 ἀπό
442 1309 496 1362 τοῦ
519 1302 677 1383 βορβόρου,
692 1298 722 1362 ἐν
737 1295 762 1382 ᾧ
776 1296 804 1362 οἱ
819 1296 955 1383 αἱρετικοί
968 1301 1187 1370 καταποθέντες

10 1421 36 1460 ιο
54 1406 261 1486 κεκράτηνται,
291 1400 485 1467 ἀποσπάσατε
520 1406 572 1466 καὶ
607 1401 804 1474 ἐπανάξοντες
833 1403 884 1486 τὴν
918 1399 1107 1482 ἀκαθαρσίαν
1135 1410 1187 1464 τοῦ

54 1515 210 1590 κονιορτοῦ
238 1516 290 1569 τοῦ
318 1507 521 1592 κολληθέντος
549 1517 671 1585 γενικῶς
700 1503 831 1577 ἅπαντας
858 1506 928 1577 τούς
950 1503 1009 1570 ἀπό
1031 1515 1089 1569 τῶν
1111 1502 1187 1569 ἀπο-

56 1611 199 1673 στολικῦν
229 1610 381 1690 δογμάτων
411 1608 626 1682 ἀποκλίναντας
648 1606 763 1692 εύσεβεῖ
784 1607 964 1696 ἀποκηρύξει
983 1609 1186 1692 κατακρίνατε.

57 1709 184 1797 ούδεμία
205 1721 245 1797 τῖμ
268 1717 366 1776 σκότει
387 1716 462 1797 πρός
484 1717 517 1777 τό
540 1723 606 1798 φῶς
626 1718 762 1777 κοινωνία
785 1710 852 1777 ούτε
874 1710 902 1776 οἱ
915 1710 965 1776 διά
985 1723 1042 1776 τῶν
1064 1708 1187 1776 εύθειῶν

57 1813 138 1879 όδῶν
168 1818 334 1898 βαδίζοντες
362 1819 399 1880 τά
428 1814 637 1903 ἑαυτῶν·ἵχνη
661 1821 735 1904 μετὰ
756 1827 813 1880 τῶν
836 1815 1051 1880 ἀποκλινόντων
1072 1816 1188 1901 πλάνης

10 1939 39 1979 ιο
59 1922 249 1984 συνάπτουσι.
280 1925 481 2005 κατασχετέος
511 1919 571 1983 ἐστὶ
598 1930 652 2004 της
679 1924 804 1991 πίστεως
826 1921 991 2000 σύνδεσμος
1012 1922 1064 1984 καί
1083 1941 1187 2002 παραι-
1201 1918 1237 1980 11

56 2019 188 2109 τητέαὴ
212 2022 247 2086 ἐκ
266 2032 320 2107 της
343 2022 465 2086 ἀπίστου
487 2029 641 2096 κοινωνίας
663 2024 755 2110 λύμη,
778 2019 822 2086 ότι
841 2028 921 2087 κατά
939 2026 989 2086 τόν
1011 2021 1187 2103 ἀπόστολον,

58 2125 92 2188 όν
115 2129 222 2210 τρόπον
245 2123 261 2190 ό
284 2123 387 2191 ἑαυτόν
409 2127 604 2211 προσκολλῶν
625 2133 667 2212 τῖμ
688 2132 781 2211 κυρίῳ
804 2127 833 2189 ἓν
855 2131 971 2212 πνεῦμά
993 2126 1078 2211 ἐστιν,
1093 2123 1188 2200 ούτως

58 2226 75 2291 ό
98 2229 291 2314 κολλώμενος
311 2242 349 2316 τῇ
370 2228 464 2316 πόρνη
488 2231 517 2293 ἓν
540 2235 647 2310 γίνεται
668 2240 765 2317 σῶμα.
788 2229 939 2312 ἀγαπῶσιν
961 2228 992 2293 αἱ
1013 2234 1114 2315 ἀρεταὶ
1134 2234 1188 2304 τὰς

58 2330 200 2417 ἀλλήλων
230 2338 384 2405 κοινωνίας
413 2337 462 2397 καί
490 2335 559 2406 τούς
587 2335 798 2418 κολλωμένους
828 2331 903 2421 αύτῇ
932 2334 1002 2420 μεθ’
1032 2333 1140 2422 ἑαυτῆς
1167 2333 1187 2423 ἡ

13 2459 41 2498 ω
59 2433 183 2518 ἀσέβεια
205 2435 234 2498 ὲν
255 2447 296 2520 τῷ
320 2439 404 2520 βοθῶ
426 2440 634 2509 καταποντίζει.
654 2436 684 2501 ἐν
702 2436 883 2526 ὀφθαλμοῖς,
903 2438 932 2502 έν
950 2450 997 2527 τῖμΙ
1011 2444 1142 2526 στόματι,
1159 2441 1188 2502 ἐν

60 2533 163 2610 αύταῖς
192 2553 257 2612 ταῖς
285 2546 386 2626 χερσίν
417 2540 472 2604 είσι
499 2550 553 2604 τῶν
581 2545 714 2624 πατέρων
743 2545 780 2605 τά
809 2543 951 2626 δόγματα,
983 2543 1003 2605 ά
1036 2544 1187 2628 φυλάττειν

59 2639 262 2727 ὲντελλόμεθα
293 2644 366 2708 καθ’
381 2642 507 2728 ἑκάστην
530 2648 605 2729 πρός
626 2645 677 2730 την
700 2646 835 2732 φυλακὴν
858 2643 968 2709 ἑαυτῶν
984 2645 1015 2710 αἱ
1029 2648 1190 2731 σεβάσμιοι

60 2747 179 2810 σύνοδοι
200 2751 427 2834 περισφίγγοοσι.
473 2754 659 2833 μακρηγορία
681 2748 741 2812 έστί
761 2749 834 2813 καθ’
849 2747 974 2814 ἕκαστον
988 2754 1084 2814 πάντα
1098 2772 1188 2839 φανε-
1200 2756 1241 2819 12

61 2856 141 2933 ροῦν·
164 2854 276 2936 τάπης
298 2847 327 2914 ἐν
350 2849 523 2939 Χαλκηδόνι
545 2854 680 2932 συνόδου,
704 2853 733 2917 ἐν
756 2850 777 2940 ἷη
800 2863 902 2916 πασῶν
923 2856 956 2917 τό
980 2856 1073 2938 σέβας
1093 2858 1188 2938 περιέ-

16 2976 43 3016 οο
60 2974 155 3039 χεται,
179 2953 258 3016 ἀλλὰ
279 2958 331 3017 καὶ
351 2953 388 3017 τά
408 2959 491 3040 παρὰ
505 2965 556 3020 τοῦ
572 2960 812 3043 σεβασμιωτάτοο
827 2956 956 3030 Λέοντος
970 2961 1190 3044 προενεχθέντα

61 3054 94 3128 ἐξ
115 3052 208 3142 αύτης
229 3069 286 3121 τῶν
308 3056 482 3123 ἀποστόλων
504 3070 557 3146 της
579 3062 705 3145 καρδίας
720 3058 865 3146 όρίσματοι
879 3065 931 3124 καί
944 3066 1093 3142 γινώσκειν
1106 3058 1189 3147 ἡμᾶς

60 3161 206 3243 προσήκει
225 3165 277 3224 καί
297 3167 403 3247 τηρεῖν.
428 3160 458 3226 έν
480 3167 594 3236 τούτοις
614 3167 648 3227 τό
671 3177 793 3249 σημεῖον
814 3173 868 3248 της
882 3169 1015 3240 πίστεως,
1032 3163 1062 3227 ἐν
1076 3166 1190 3235 τούτοις

61 3260 90 3325 οἱ
110 3274 307 3350 προμαχῶνες
327 3275 381 3350 της
404 3265 560 3352 ἀληθείας,
583 3266 614 3330 ἐν
635 3269 748 3339 τούτοις
770 3263 786 3330 ό
809 3265 936 3351 Χριστός
957 3272 1136 3349 γινώσκεται,
1159 3265 1189 3330 έν

60 3367 172 3441 τούτοις
208 3377 261 3454 της
297 3358 472 3453 λυτρώσεως
509 3382 563 3458 τῆς
594 3369 740 3458 ἡμετέρας
766 3395 785 3457 η
818 3371 899 3444 ἐλπίς
924 3375 975 3436 καί
1000 3369 1020 3458 ἡ
1046 3368 1190 3444 ἀπόθεσις

99 3634 113 3686 1
146 3633 360 3707 καταληφθέντος
392 3654 449 3703 σου,
482 3639 531 3694 τεά
557 3657 573 3693 ε
598 3641 717 3707 fortasse
743 3645 842 3709 postea
872 3656 940 3695 corr.
971 3638 1189 3713 καταλειφθέντος

61 3721 240 3792 ὅσττμγοῖςο
294 3723 440 3796 θημῶνίι
505 3729 539 3782 13
558 3728 617 3781 ούδέ
635 3727 681 3800 μία
697 3729 735 3797 gh
798 3730 831 3782 14
849 3727 950 3799 πλάνης
968 3744 1012 3781 σοι
1031 3725 1116 3797 πλάνη
1136 3726 1190 3796 agh

63 3810 97 3863 16
113 3823 152 3878 οφ.
171 3808 314 3864 ἀπόστολον
333 3809 362 3865 ὃν
380 3813 473 3885 τρόπον
485 3833 530 3870 eo:
550 3812 718 3868 ἀποστολικὸν
736 3815 829 3888 τρόπον
844 3817 888 3887 gh,
908 3814 1050 3868 ἀπόστολον
1068 3814 1190 3886 πέτρονσ

61 3897 96 3951 22
114 3896 280 3968 καθεκάστην
300 3916 330 3953 σο
402 3903 538 3975 σεβασμίοι
555 3904 592 3973 gh
676 3903 710 3956 23
728 3904 891 3957 καθέκαστον
911 3921 941 3958 σε
1013 3908 1139 3974 φανεροῦν
1157 3904 1190 3954 τό

64 4001 125 4040 aeo:
144 3992 304 4056 φανεροῦντα
322 3988 359 4057 gh
413 3990 447 4043 24
466 3990 545 4059 σέβας
565 3992 646 4060 eogh:
666 3989 805 4061 σεβάσμιον
824 4009 840 4045 υ
884 3992 917 4048 25
936 3991 1156 4062 προενενεχθέντα
1174 4008 1190 4044 a

63 4074 99 4128 26
117 4079 165 4144 τῆς
184 4090 242 4127 υσοι
263 4090 313 4128 om.
332 4076 369 4145 gh
405 4079 439 4130 27
458 4079 486 4129 τό
506 4084 611 4150 σημεῖον
629 4080 736 4147 scn'psi:
755 4079 783 4130 τό
803 4079 947 4150 σεβάσμιον
961 4080 1005 4148 gh,
1023 4084 1077 4141 τοῖς
1096 4078 1189 4146 σεβασ-

63 4159 132 4234 μίοις
142 4178 189 4216 σου
225 4164 260 4218 28
278 4171 497 4235 προμαχοῦντεςσ
532 4168 566 4220 29
584 4162 739 4236 ἡύπόθεσις
749 4185 796 4235 ag:
814 4165 833 4237 ἠ
848 4163 971 4237 πρόθεσίς
979 4167 1006 4231 h,
1026 4165 1148 4228 ὑπόθεσις
1159 4184 1189 4221 eo
