2864 4620
496 269 582 338 upra.
601 267 645 330 co
662 271 680 322 4
699 300 732 308 -
749 268 823 328 oon
841 271 864 324 3.
1187 273 1248 336 ool

37 506 38 509 =
122 466 258 545 curauit,
282 485 358 531 aeuo
382 466 473 531 rrobis
497 484 552 547 per
573 465 716 550 longiora
737 468 878 548 tempora
900 466 1070 549 propagato
1093 466 1246 529 unitatem

122 572 276 638 ecclesiae
312 572 465 636 redditam
504 591 540 636 ex
575 572 659 636 omni
691 591 814 654 quoque
850 571 946 636 faciat
975 574 1062 655 parte
1094 590 1245 636 securam.

123 674 208 745 Data
229 677 301 741 IIII.
325 678 395 744 Kal.
420 677 589 744 Nouembr.
613 677 756 742 Rusticio
781 695 864 742 cons.

635 869 742 953 (202.)

88 1019 105 1058 s
168 991 323 1059 nonursnn
354 1013 478 1059 nusnnno
510 1012 660 1061 nuousno.
729 994 881 1060 Gloriosis
915 994 1097 1058 clementiae
1123 997 1247 1059 uestrae

123 1100 283 1166 laboribus
298 1099 528 1164 ecclesiasticae
546 1100 647 1182 prima
665 1100 847 1164 concordiae
866 1103 898 1163 et
916 1099 1000 1164 orbis
1017 1099 1121 1180 pacati
1139 1099 1249 1182 uotiua

122 1205 334 1286 tranquillitas
358 1206 495 1288 generali
518 1205 744 1288 praedicatione
767 1205 963 1287 respondent,
984 1222 1062 1286 quae
1081 1223 1130 1268 res
1149 1205 1247 1269 nostri

122 1329 251 1393 parcum
265 1311 337 1383 red<
346 1311 419 1383 d>it
433 1329 469 1375 ac
484 1312 599 1375 retinet
612 1311 651 1376 ad
665 1310 799 1394 agendas
811 1310 925 1395 gratias
937 1310 1086 1376 sermonis
1098 1309 1245 1375 officium.

122 1417 202 1481 illud
220 1420 335 1494 tamen,
356 1417 439 1498 quod
461 1438 512 1501 pro
533 1418 623 1483 uobis
642 1418 851 1483 indesinenter·
870 1417 994 1482 domino
1013 1420 1119 1485 nostro
1138 1435 1244 1497 preces

74 1549 105 1590 no
124 1522 322 1598 effundimus,
345 1543 406 1588 non
430 1527 587 1589 tacemus:
612 1525 686 1607 quia
707 1525 739 1589 in
761 1525 845 1589 uotis
869 1523 1008 1588 infinitus
1033 1522 1162 1587 affectus
1186 1524 1244 1598 est,

121 1629 246 1695 finitum
278 1648 348 1694 csse
379 1633 496 1713 potest
514 1631 546 1695 in
577 1631 808 1712 praedicatione
834 1628 996 1696 iudicium.
1025 1648 1136 1693 uerum
1162 1628 1244 1692 inter
1268 1627 1287 1688 2

120 1735 197 1799 haec
211 1734 337 1818 pietatis
355 1740 480 1801 uestrae
498 1737 648 1801 beneficia
666 1756 812 1814 ouranos,
832 1756 911 1820 quae
930 1737 1024 1801 etiam
1042 1736 1244 1800 uehementer

122 1841 235 1918 affecit,
273 1859 346 1905 cura
381 1860 441 1905 non
478 1840 603 1919 deserit,
641 1841 724 1923 quod
760 1842 884 1905 Heliam
924 1841 1109 1905 'thomatem
1149 1843 1243 1921 atque

120 1947 336 2013 Nicostratum
363 1947 475 2011 iratres
503 1951 535 2012 et
562 1948 763 2031 coepiscopos
786 1967 883 2022 meos,
908 1946 962 2029 qui
983 1946 1075 2029 primi
1098 1947 1243 2012 ecclesia-

74 2077 104 2120 ιο
122 2053 235 2118 sticum
262 2053 378 2117 festina
406 2054 506 2118 secuti
535 2057 608 2119 sunt
636 2053 801 2118 deuotione
825 2053 1032 2132 concordiam,
1056 2071 1116 2117 non
1140 2054 1240 2119 solum

120 2159 228 2243 magni
259 2159 427 2224 frustratur
457 2161 562 2242 palma
589 2160 735 2243 principii
762 2179 872 2224 uerum
901 2161 996 2225 etiam
1018 2159 1094 2223 mali
1115 2159 1243 2223 miseria

121 2265 289 2333 comitatur
321 2266 464 2349 exempli.
496 2285 589 2350 quare
622 2267 819 2332 clementiam
851 2269 990 2331 uestram
1020 2266 1116 2331 mixto
1149 2265 1285 2330 etiam3

120 2371 266 2453 precibus
289 2371 364 2436 fletu
389 2371 598 2454 deposcimus.
621 2393 659 2438 ne
682 2375 797 2456 gandia
818 2376 933 2450 nostra,
958 2391 1036 2455 qnae
1055 2371 1093 2435 de
1111 2371 1242 2435 haereti-

120 2496 228 2542 corum
265 2477 379 2542 cotidie
415 2479 617 2548 conuersione
653 2480 830 2564 praestratis,
866 2480 1077 2562 praefatorum
1109 2477 1241 2542 abiectio

71 2611 102 2651 ao
119 2582 313 2649 intoleranda
341 2587 515 2663 conturbet,
544 2586 704 2667 quianon
731 2586 798 2650 sola
828 2604 1029 2669 personarum
1059 2603 1114 2648 nos
1148 2602 1242 2647 cauea

120 2688 282 2767 sollicitat,
311 2690 425 2772 quibus
454 2693 486 2755 et
511 2692 584 2757 boni
611 2692 687 2757 facti
715 2693 810 2756 simul
838 2691 981 2757 sufficere
1009 2690 1108 2775 gloria
1134 2691 1242 2772 posset

120 2799 152 2858 et
174 2795 288 2873 meriti,
313 2797 369 2861 sed
392 2796 476 2880 qnod
499 2798 724 2863 uenerabilium
745 2798 916 2863 constituta
935 2816 1086 2863 canonum
1106 2799 1239 2862 contem-

118 2903 234 2965 nuntur
261 2904 292 2966 et
315 2902 399 2984 quod
420 2921 480 2967 non
503 2923 632 2986 paruam
656 2924 762 2969 eornm
786 2905 919 2969 abiectio
943 2903 1133 2986 apostolicae
1157 2900 1239 2966 sedis

117 3006 220 3091 tangit
245 3007 409 3074 iniuriam:
437 3027 474 3072 ne
502 3009 739 3075 christianitatis
768 3012 893 3076 uestrae
921 3008 1093 3087 sinceritas,
1121 3026 1182 3090 qua
1209 3009 1241 3071 et

67 3139 97 3180 aa
116 3131 268 3196 magnum
289 3114 498 3196 patrocinium
519 3116 679 3181 unctoribus
704 3117 883 3183 constitutis
906 3115 1088 3198 impenditis
1106 3116 1139 3179 et
1156 3112 1239 3178 sedis

116 3218 307 3298 apostolicae
334 3221 545 3304 principatum
571 3225 641 3287 acta
667 3224 791 3287 nouiter
816 3223 1015 3288 ueneratione
1043 3219 1182 3297 sancitis,
1205 3218 1237 3281 in

115 3342 178 3388 uno
201 3321 449 3407 inexplicabilem
472 3328 628 3411 relinquat
648 3331 782 3413 posteris
806 3329 932 3414 negotio
957 3327 1181 3412 quaestionem.

150 3514 278 3593 2secura
299 3515 330 3581 V,
350 3531 449 3570 corno
503 3518 643 3575 dnouenb
668 3520 693 3571 V

149 3601 214 3684 203.
267 3602 335 3660 Dat.
356 3597 450 3672 (umal
468 3623 526 3660 cum
545 3623 602 3676 epp.
622 3612 975 3665 189190203207210
993 3615 1056 3679 211)
1077 3630 1102 3666 a.
1125 3616 1178 3667 519
1197 3615 1239 3669 dic

112 3689 220 3759 2Scpt.
235 3709 287 3760 per
303 3693 457 3764 Eaclopium.
546 3699 618 3752 Edd.
642 3698 703 3752 Gar.
722 3698 753 3752 1²
773 3702 840 3766 510;
861 3700 966 3755 Collect.
989 3701 1105 3769 Concil.;
1122 3703 1202 3757 BTA
1221 3705 1242 3757 Ι

115 3780 190 3846 433,·
216 3778 295 3834 Thicl
319 3784 393 3848 889,·
416 3792 602 3839 commeruerat
625 3787 694 3839 Bor.
721 3788 759 3840 ad
782 3803 808 3839 o.
834 3790 894 3850 519,
917 3793 978 3843 134.
1059 3792 1178 3860 aprima
1201 3792 1238 3846 V:

112 3865 203 3935 palma
220 3869 282 3921 edit.
300 3885 353 3938 rep.
437 3871 543 3926 8redit
565 3873 597 3935 V,
616 3882 715 3926 corno
789 3876 821 3928 13
841 3875 926 3929 afficit
946 3875 1007 3929 Gar.
1076 3878 1108 3932 19
1127 3895 1236 3934 conuer-

111 3957 216 4014 satione
240 3957 272 4024 V,
290 3973 357 4012 corr.
379 3958 442 4013 Cor.
497 3963 530 4016 20
549 3961 726 4016 intolleranda
748 3963 773 4014 V
