2864 4620
224 307 286 372 770
385 304 551 373 Epiphanius
570 301 782 358 constantiensis
802 303 834 356 de
853 303 903 354 Xli
921 303 1033 371 gemmis
1052 302 1192 355 rationalis

108 484 128 507 “’
223 517 322 573 orum,
343 501 554 564 conuenerunt
573 498 709 563 seniores
727 498 834 562 lsrael.
855 497 908 579 qui
927 500 1014 561 erant
1031 498 1107 561 tunc
1136 498 1166 560 in
1190 498 1347 582 Babylone

224 625 296 670 cum
322 605 446 669 Hesdra
474 604 643 682 sacerdote,
673 607 704 668 et
731 603 786 685 qui
812 602 1005 667 uocabantur
1032 603 1211 681 consiliarii,
1237 604 1348 686 aliique

224 729 315 776 senes
340 714 371 775 et
394 713 599 775 exorauerunt
620 709 822 793 Assyriorum
845 728 962 792 regem,
982 711 1019 772 ut
1036 708 1227 774 habitatores
1246 711 1349 775 mitte-

222 819 272 879 ret
293 816 323 879 in
347 815 507 893 Iudaeam,
530 835 569 879 ne
591 820 673 879 terra
695 815 854 880 luxurians
879 814 945 878 sine
968 816 1088 879 cultore
1112 814 1268 880 deficeret.
1297 817 1350 898 qui

225 921 400 1004 suscipiens
429 940 537 986 eorum
565 921 689 986 salubre
718 920 885 984 consilium
913 920 1024 985 direxit
1051 920 1090 984 ad
1111 921 1351 987 inhabitandum
1385 943 1395 984 s

223 1028 255 1091 in
277 1027 357 1094 locis
380 1027 445 1092 illis
469 1030 579 1112 gentes
604 1030 761 1110 quattuor,
784 1027 816 1090 id
840 1029 889 1090 est
913 1025 1054 1098 Cudaeos
1078 1030 1111 1091 et
1134 1026 1292 1094 Outhaeos
1320 1033 1352 1094 et

225 1131 439 1215 Sappharaeos
477 1135 510 1197 et
544 1132 801 1216 Anagogauaeos.
840 1130 894 1213 qui
928 1130 1130 1196 ascendentes
1158 1132 1254 1197 *idola
1296 1155 1353 1199 sua

225 1257 343 1317 secum,
369 1258 448 1321 quae
470 1242 546 1303 tunc
568 1257 773 1320 unaquaeque
796 1256 872 1321 gens
896 1237 979 1320 apud
1002 1256 1036 1302 se
1059 1239 1208 1314 coluerat,
1233 1240 1352 1306 adtule-

172 1343 307 1410 931011.
340 1364 411 1410 cum
444 1345 607 1410 uenissent
638 1346 744 1408 autem
777 1348 808 1408 et
838 1343 1030 1408 resedissent
1059 1344 1092 1408 in
1123 1347 1206 1409 terra
1244 1347 1350 1425 Israel,

223 1451 329 1516 uocati
366 1456 440 1517 suut
472 1450 669 1521 Samaritani,
701 1452 827 1532 propter·
858 1449 942 1531 quod
975 1449 1190 1516 Samaritanus
1223 1454 1350 1518 ‘custos'
1364 1474 1394 1513 ιο

223 1557 461 1641 interpretatum
490 1557 711 1622 custodiebant
738 1556 820 1620 euim
847 1559 963 1622 terram
993 1556 1101 1621 Israel.
1133 1561 1245 1640 postea
1277 1577 1348 1623 uero

223 1665 331 1730 leones
354 1664 442 1747 pardi
467 1668 499 1728 et
520 1664 587 1727 ursi
611 1666 834 1746 consurgentes
857 1662 889 1726 iu
914 1682 967 1727 eos
986 1664 1228 1745 corrumpebant
1246 1666 1348 1729 multi-

223 1770 375 1847 tudinem,
403 1770 448 1834 ita
475 1773 512 1834 ut
538 1770 779 1834 absumerentur
806 1769 843 1834 ab
873 1769 929 1834 eis.
957 1788 1012 1851 pro
1038 1789 1099 1851 qua
1120 1789 1153 1833 10
1176 1771 1275 1854 legati
1298 1791 1349 1854 per

224 1876 291 1940 dies
315 1877 456 1959 singulos
477 1876 514 1940 ab
533 1875 645 1940 incolis
665 1878 697 1940 et
715 1875 944 1940 habitatoribus
963 1875 1002 1939 ad
1019 1895 1127 1959 regem
1144 1877 1349 1943 mittebantur

172 1982 397 2066 eleesynam,
430 1986 587 2065 quatenus
620 1983 665 2047 eis
699 1981 736 2045 de
767 1982 846 2046 locis
878 1981 956 2064 ipsis
983 1982 1143 2047 licentiam
1170 1982 1350 2048 discedendi
1365 1996 1385 2036 1⁵

224 2090 376 2155 tribueret
403 2093 529 2172 propter
555 2089 737 2154 huiusmodi
761 2088 928 2153 saeuitiam
951 2089 1134 2154 bestiarum.
1158 2090 1350 2155 mirabantur

224 2199 340 2271 autem,
369 2195 525 2276 quomodo
552 2195 658 2276 potuit
683 2194 781 2259 lsrael
804 2194 919 2259 ibidem
943 2213 1146 2262 commanere.
1171 2195 1222 2260 his
1246 2200 1350 2260 autem

225 2302 392 2384 compertis
432 2300 633 2384 Assyriorum
673 2321 726 2366 rex
767 2302 907 2366 euocatis
947 2301 1135 2367 ludaeorum
1175 2302 1349 2367 senioribus

224 2407 407 2489 sciscitatus
430 2409 478 2472 est
500 2407 538 2470 ab
562 2407 617 2484 eis,
643 2407 799 2489 quomodo
823 2408 947 2490 possint
967 2407 1000 2471 iu
1022 2407 1103 2484 loco,
1128 2426 1207 2491 quos
1231 2408 1350 2473 dudum
1414 2467 1417 2473 .

223 2512 430 2598 di<re>xerat,
452 2513 621 2578 immorari.
645 2513 698 2596 qui
720 2516 843 2578 rectum
865 2513 1389 2578 01011100011011101000110111011120

224 2619 368 2686 dixerunt
398 2620 516 2684 nullam
546 2637 640 2701 posse
673 2622 797 2702 gentem
828 2617 944 2682 ibidem
976 2618 1112 2683 residere
1155 2619 1217 2683 uisi
1247 2623 1351 2705 legem

225 2726 343 2790 domini
369 2725 420 2790 dei
448 2725 615 2791 custodiat.
644 2724 698 2808 qui
725 2743 796 2789 cum
823 2724 1023 2807 poposcisset
1050 2725 1087 2789 ab
1116 2725 1161 2789 eis
1183 2726 1299 2810 legem,
1323 2727 1352 2790 ei

224 2833 366 2915 protinus
408 2831 598 2895 obtuleruut.
638 2831 707 2912 ipse
747 2850 821 2896 uero
861 2830 993 2895 reddens
1040 2831 1227 2914 exemplaria
1269 2832 1351 2915 legis

224 2937 406 3003 authentica
418 2955 514 3019 penes
530 2956 563 3001 se
578 2936 721 3015 detinuit,
738 2955 817 3019 quae
831 2937 942 3000 direxit
955 2937 1065 3001 incolis
1081 2937 1353 3003 athabitatoribus

173 3044 215 3107 95
225 3046 324 3108 terrae
353 3042 487 3109 Oudaeis
511 3046 543 3107 et
566 3042 716 3107 Cuthaeis
740 3061 776 3107 ac
797 3043 927 3124 reliquis
951 3062 1024 3107 cum
1045 3042 1168 3106 Hesdra
1190 3044 1354 3108 sacerdote
1371 3060 1395 3099 2⁵

225 3151 300 3233 (non
327 3149 450 3214 Hesdra
476 3149 542 3227 1110,
571 3149 625 3231 qui
652 3148 824 3213 uocabatur
852 3148 1034 3226 Salathihel‚
1059 3148 1149 3213 cuius
1174 3150 1241 3212 erat
1263 3152 1355 3231 pater

224 3255 408 3333 Zorobabel,
441 3256 495 3337 qui
526 3255 699 3319 Zorobebel
730 3257 797 3318 erat
827 3254 912 3319 lilius
943 3254 1132 3337 lechoniae).
1165 3253 1216 3319 hic
1253 3256 1356 3339 igitur

225 3362 364 3427 Hesdras
390 3380 483 3443 quem
495 3360 640 3439 diximus,
656 3359 826 3425 ascendens
839 3359 1092 3444 Hierosolymam
1105 3361 1357 3442 pentateuchum

224 3465 452 3544 tantummodo,
474 3467 508 3529 id
530 3469 579 3532 est
606 3467 743 3548 quinque
765 3466 862 3531 libros
885 3466 999 3550 Moysi,
1023 3465 1138 3530 detulit
1160 3467 1204 3531 eis
1232 3469 1357 3534 ueteris

225 3572 417 3651 testamenti,
448 3573 545 3638 libros
579 3573 712 3656 scriptos
748 3573 921 3638 secundum
955 3573 1096 3650 formam,
1134 3592 1227 3654 quam
1265 3574 1360 3641 dedit
1378 3597 1403 3636 00

227 3678 372 3744 dominus
403 3679 435 3743 in
467 3682 572 3744 monte
605 3679 687 3744 Sina.
720 3699 814 3762 quarn
845 3679 977 3743 formam
1007 3678 1143 3742 Hebraei
1183 3679 1358 3748 deessinon

226 3788 350 3864 uocant,
374 3786 458 3867 quod
479 3785 700 3868 interpretatur
718 3784 939 3867 insculptum‘.
958 3803 1040 3849 nunc
1060 3785 1142 3849 enim
1161 3805 1221 3849 non
1242 3787 1359 3854 eadem

261 3907 277 3961 3
297 3908 440 3960 creuerunt
456 3905 546 3975 Fopy.
636 3910 651 3961 5
676 3907 771 3960 dixerit
794 3906 825 3970 V,
849 3922 917 3960 corr.
936 3905 1022 3975 Fopy.
1113 3907 1309 3969 tresidissent
1334 3912 1362 3964 V

228 3995 260 4050 13
279 4013 332 4065 qua
348 3995 462 4065 relegati
484 3994 511 4048 V
549 3995 581 4048 19
600 3996 751 4049 scissitatus
774 3995 801 4048 V
845 3995 880 4049 20
899 3995 1000 4049 dixerat
1018 3994 1050 4058 V,
1069 4011 1137 4049 corr.
1158 4014 1175 4045 α
1192 4012 1269 4051 marr.
1281 4007 1359 4066 post.

227 4084 260 4136 22
278 4084 442 4154 poposcisset
460 4083 487 4137 V
519 4083 551 4136 27
569 4083 690 4138 ieohonie
713 4083 739 4137 V
772 4083 806 4137 28
824 4084 1020 4138 hierosolimam
1039 4085 1065 4139 V
1114 4087 1311 4154 pentateucum
1335 4089 1363 4141 V

226 4198 260 4252 29
277 4198 356 4253 moisi
377 4198 404 4253 V
453 4197 485 4252 31
506 4165 627 4254 deessidn
651 4199 678 4251 V
694 4203 722 4269 (n
739 4200 933 4268 suprascripsit
950 4217 1023 4255 mora.
1041 4201 1067 4271 1)
