<?xml version="1.0" encoding="UTF-8"?>
<!DOCTYPE html PUBLIC "-//W3C//DTD XHTML 1.0 Transitional//EN"
    "http://www.w3.org/TR/xhtml1/DTD/xhtml1-transitional.dtd">
<html xmlns="http://www.w3.org/1999/xhtml" xml:lang="en" lang="en">
 <head>
  <title>
</title>
<meta http-equiv="Content-Type" content="text/html;charset=utf-8" />
  <meta name='ocr-system' content='tesseract 3.04.00' />
  <meta name='ocr-capabilities' content='ocr_page ocr_carea ocr_par ocr_line ocrx_word'/>
</head>
<body>
  <div class='ocr_page' id='page_1' title='image "./epistulaeimpera00gngoog_0188.png"; bbox 0 0 2864 4620; ppageno 0'>
   <div class='ocr_carea' id='block_1_1' title="bbox 468 319 1248 392">
    <p class='ocr_par' dir='ltr' id='par_1_1' title="bbox 468 319 1248 392">
     <span class='ocr_line' id='line_1_1' title="bbox 468 319 1248 392; baseline 0.008 -14"><span class='ocrx_word' id='word_1_1' title='bbox 468 322 556 392; x_wconf 75' lang='lat' dir='ltr'><strong>epse.</strong></span> <span class='ocrx_word' id='word_1_2' title='bbox 576 320 657 376; x_wconf 78' lang='lat' dir='ltr'><strong>ccxi</strong></span> <span class='ocrx_word' id='word_1_3' title='bbox 676 323 692 375; x_wconf 83' lang='lat' dir='ltr'><strong>a</strong></span> <span class='ocrx_word' id='word_1_4' title='bbox 711 352 744 361; x_wconf 88' lang='lat'><em>-</em></span> <span class='ocrx_word' id='word_1_5' title='bbox 763 319 875 376; x_wconf 80' lang='lat' dir='ltr'><strong>semu</strong></span> <span class='ocrx_word' id='word_1_6' title='bbox 893 323 917 377; x_wconf 83' lang='lat' dir='ltr'><strong>a.</strong></span> <span class='ocrx_word' id='word_1_7' title='bbox 1187 329 1248 392; x_wconf 83' lang='lat'><strong>671</strong></span> 
     </span>
    </p>
   </div>
   <div class='ocr_carea' id='block_1_2' title="bbox 11 512 1294 1322">
    <p class='ocr_par' dir='ltr' id='par_1_2' title="bbox 119 512 1294 918">
     <span class='ocr_line' id='line_1_2' title="bbox 119 512 1251 598; baseline 0.001 -17"><span class='ocrx_word' id='word_1_8' title='bbox 119 521 230 581; x_wconf 88' lang='lat' dir='ltr'><strong>tamen</strong></span> <span class='ocrx_word' id='word_1_9' title='bbox 245 517 284 580; x_wconf 84' lang='lat' dir='ltr'><strong>et·</strong></span> <span class='ocrx_word' id='word_1_10' title='bbox 294 515 411 593; x_wconf 81' lang='lat' dir='ltr'><strong>fauore,</strong></span> <span class='ocrx_word' id='word_1_11' title='bbox 431 515 484 598; x_wconf 90' lang='lat' dir='ltr'><strong>qui</strong></span> <span class='ocrx_word' id='word_1_12' title='bbox 503 513 710 579; x_wconf 82' lang='lat' dir='ltr'><strong>saerosanctis</strong></span> <span class='ocrx_word' id='word_1_13' title='bbox 723 512 901 578; x_wconf 86' lang='lat' dir='ltr'><strong>inferendus</strong></span> <span class='ocrx_word' id='word_1_14' title='bbox 916 517 965 580; x_wconf 90' lang='lat' dir='ltr'><strong>est</strong></span> <span class='ocrx_word' id='word_1_15' title='bbox 978 534 1085 581; x_wconf 91' lang='lat' dir='ltr'><strong>eorum</strong></span> <span class='ocrx_word' id='word_1_16' title='bbox 1099 517 1251 597; x_wconf 83' lang='lat' dir='ltr'><strong>ecelesiis,</strong></span> 
     </span>
     <span class='ocr_line' id='line_1_3' title="bbox 120 618 1251 706; baseline 0.001 -20"><span class='ocrx_word' id='word_1_17' title='bbox 120 626 201 688; x_wconf 78' lang='lat' dir='ltr'><strong>tune</strong></span> <span class='ocrx_word' id='word_1_18' title='bbox 224 622 350 687; x_wconf 89' lang='lat' dir='ltr'><strong>demum</strong></span> <span class='ocrx_word' id='word_1_19' title='bbox 374 618 557 703; x_wconf 84' lang='lat' dir='ltr'><strong>oportunius</strong></span> <span class='ocrx_word' id='word_1_20' title='bbox 581 621 746 698; x_wconf 86' lang='lat' dir='ltr'><strong>statuetur,</strong></span> <span class='ocrx_word' id='word_1_21' title='bbox 771 637 843 683; x_wconf 89' lang='lat' dir='ltr'><strong>oum</strong></span> <span class='ocrx_word' id='word_1_22' title='bbox 865 619 973 703; x_wconf 81' lang='lat' dir='ltr'><strong>legati,</strong></span> <span class='ocrx_word' id='word_1_23' title='bbox 996 640 1075 703; x_wconf 86' lang='lat' dir='ltr'><strong>quos</strong></span> <span class='ocrx_word' id='word_1_24' title='bbox 1097 641 1195 706; x_wconf 87' lang='lat' dir='ltr'>nuper</span> <span class='ocrx_word' id='word_1_25' title='bbox 1213 624 1251 687; x_wconf 91' lang='lat' dir='ltr'><strong>ad</strong></span> 
     </span>
     <span class='ocr_line' id='line_1_4' title="bbox 120 724 1252 814; baseline -0.002 -21"><span class='ocrx_word' id='word_1_26' title='bbox 120 747 231 814; x_wconf 83' lang='lat' dir='ltr'><strong>regem</strong></span> <span class='ocrx_word' id='word_1_27' title='bbox 248 726 450 812; x_wconf 84' lang='lat' dir='ltr'><strong>magnifieum</strong></span> <span class='ocrx_word' id='word_1_28' title='bbox 468 724 738 789; x_wconf 83' lang='lat' dir='ltr'><strong>Transemundum</strong></span> <span class='ocrx_word' id='word_1_29' title='bbox 757 724 929 790; x_wconf 77' lang='lat' dir='ltr'><strong>destinasse</strong></span> <span class='ocrx_word' id='word_1_30' title='bbox 948 727 1115 804; x_wconf 83' lang='lat' dir='ltr'><strong>noscimur,</strong></span> <span class='ocrx_word' id='word_1_31' title='bbox 1133 729 1252 793; x_wconf 90' lang='lat' dir='ltr'><strong>reuersi</strong></span> 
     </span>
     <span class='ocr_line' id='line_1_5' title="bbox 119 827 1294 918; baseline 0.001 -20"><span class='ocrx_word' id='word_1_32' title='bbox 119 833 261 918; x_wconf 90' lang='lat' dir='ltr'><strong>propitia</strong></span> <span class='ocrx_word' id='word_1_33' title='bbox 288 832 453 897; x_wconf 88' lang='lat' dir='ltr'><strong>diuinitate</strong></span> <span class='ocrx_word' id='word_1_34' title='bbox 479 850 666 913; x_wconf 89' lang='lat' dir='ltr'><strong>responsum</strong></span> <span class='ocrx_word' id='word_1_35' title='bbox 688 831 778 895; x_wconf 93' lang='lat' dir='ltr'><strong>nobis</strong></span> <span class='ocrx_word' id='word_1_36' title='bbox 801 831 973 896; x_wconf 74' lang='lat' dir='ltr'>retulerint.</span> <span class='ocrx_word' id='word_1_37' title='bbox 1000 836 1123 899; x_wconf 84' lang='lat' dir='ltr'><strong>uestra</strong></span> <span class='ocrx_word' id='word_1_38' title='bbox 1145 827 1294 899; x_wconf 78' lang='lat' dir='ltr'><strong>autem2</strong></span> 
     </span>
    </p>

    <p class='ocr_par' dir='ltr' id='par_1_3' title="bbox 80 935 1250 1233">
     <span class='ocr_line' id='line_1_6' title="bbox 80 935 1249 1021; baseline 0.003 -20"><span class='ocrx_word' id='word_1_39' title='bbox 80 938 285 1005; x_wconf 68' lang='lat' dir='ltr'><strong>abeatitudo</strong></span> <span class='ocrx_word' id='word_1_40' title='bbox 318 958 487 1021; x_wconf 88' lang='lat' dir='ltr'><strong>supernum</strong></span> <span class='ocrx_word' id='word_1_41' title='bbox 519 937 610 1002; x_wconf 91' lang='lat' dir='ltr'><strong>nobis</strong></span> <span class='ocrx_word' id='word_1_42' title='bbox 637 935 828 1019; x_wconf 91' lang='lat' dir='ltr'><strong>praesidium</strong></span> <span class='ocrx_word' id='word_1_43' title='bbox 859 936 1025 1002; x_wconf 87' lang='lat' dir='ltr'><strong>indefessis</strong></span> <span class='ocrx_word' id='word_1_44' title='bbox 1058 940 1249 1004; x_wconf 87' lang='lat' dir='ltr'><strong>orationibus</strong></span> 
     </span>
     <span class='ocr_line' id='line_1_7' title="bbox 119 1034 1250 1129; baseline 0 -19"><span class='ocrx_word' id='word_1_45' title='bbox 119 1034 283 1129; x_wconf 87' lang='lat' dir='ltr'><strong>postulare</strong></span> <span class='ocrx_word' id='word_1_46' title='bbox 306 1044 460 1128; x_wconf 80' lang='lat' dir='ltr'><strong>dignetur.</strong></span> <span class='ocrx_word' id='word_1_47' title='bbox 524 1042 606 1108; x_wconf 88' lang='lat' dir='ltr'><strong>Data</strong></span> <span class='ocrx_word' id='word_1_48' title='bbox 627 1041 695 1107; x_wconf 84' lang='lat' dir='ltr'><strong>XV.</strong></span> <span class='ocrx_word' id='word_1_49' title='bbox 717 1042 790 1106; x_wconf 86' lang='lat' dir='ltr'><strong>Kal.</strong></span> <span class='ocrx_word' id='word_1_50' title='bbox 813 1040 961 1107; x_wconf 82' lang='lat' dir='ltr'><strong>Decemb.</strong></span> <span class='ocrx_word' id='word_1_51' title='bbox 982 1043 1250 1127; x_wconf 81' lang='lat' dir='ltr'><strong>Constantinopoli</strong></span> 
     </span>
     <span class='ocr_line' id='line_1_8' title="bbox 122 1142 1248 1233; baseline 0.001 -19"><span class='ocrx_word' id='word_1_52' title='bbox 122 1142 238 1216; x_wconf 90' lang='lat' dir='ltr'><strong>domno</strong></span> <span class='ocrx_word' id='word_1_53' title='bbox 268 1150 390 1215; x_wconf 93' lang='lat' dir='ltr'><strong>Iustino</strong></span> <span class='ocrx_word' id='word_1_54' title='bbox 417 1151 568 1232; x_wconf 85' lang='lat' dir='ltr'><strong>perpetuo</strong></span> <span class='ocrx_word' id='word_1_55' title='bbox 600 1149 746 1232; x_wconf 78' lang='lat' dir='ltr'><strong>Augusto</strong></span> <span class='ocrx_word' id='word_1_56' title='bbox 780 1159 916 1222; x_wconf 84' lang='lat' dir='ltr'><strong>(cons.)</strong></span> <span class='ocrx_word' id='word_1_57' title='bbox 940 1149 1077 1233; x_wconf 77' lang='lat' dir='ltr'><strong>Accepta</strong></span> <span class='ocrx_word' id='word_1_58' title='bbox 1098 1150 1152 1215; x_wconf 89' lang='lat' dir='ltr'><strong>XI.</strong></span> <span class='ocrx_word' id='word_1_59' title='bbox 1176 1151 1248 1215; x_wconf 87' lang='lat' dir='ltr'><strong>Kal.</strong></span> 
     </span>
    </p>

    <p class='ocr_par' dir='ltr' id='par_1_4' title="bbox 11 1255 468 1322">
     <span class='ocr_line' id='line_1_9' title="bbox 11 1255 468 1322; baseline -0.002 -2"><span class='ocrx_word' id='word_1_60' title='bbox 11 1280 14 1284; x_wconf 93' lang='grc'><em>·</em></span> <span class='ocrx_word' id='word_1_61' title='bbox 119 1257 191 1322; x_wconf 92' lang='lat' dir='ltr'><strong>Iun.</strong></span> <span class='ocrx_word' id='word_1_62' title='bbox 214 1255 359 1322; x_wconf 86' lang='lat' dir='ltr'><strong>Rustieio</strong></span> <span class='ocrx_word' id='word_1_63' title='bbox 383 1273 468 1320; x_wconf 89' lang='lat' dir='ltr'><strong>oons.</strong></span> 
     </span>
    </p>
   </div>
   <div class='ocr_carea' id='block_1_3' title="bbox 636 1448 743 1532">
    <p class='ocr_par' dir='ltr' id='par_1_5' title="bbox 636 1448 743 1532">
     <span class='ocr_line' id='line_1_10' title="bbox 636 1448 743 1532; baseline 0 -20"><span class='ocrx_word' id='word_1_64' title='bbox 636 1448 743 1532; x_wconf 82' lang='lat' dir='ltr'><strong>(era.)</strong></span> 
     </span>
    </p>
   </div>
   <div class='ocr_carea' id='block_1_4' title="bbox 67 1589 1246 1743">
    <p class='ocr_par' dir='ltr' id='par_1_6' title="bbox 67 1589 1246 1743">
     <span class='ocr_line' id='line_1_11' title="bbox 67 1589 1246 1638; baseline -0.001 -1"><span class='ocrx_word' id='word_1_65' title='bbox 67 1600 97 1638; x_wconf 83' lang='grc' dir='ltr'><strong>ιο</strong></span> <span class='ocrx_word' id='word_1_66' title='bbox 118 1591 278 1637; x_wconf 70' lang='lat' dir='ltr'><strong>EXEHPLUK</strong></span> <span class='ocrx_word' id='word_1_67' title='bbox 296 1589 513 1637; x_wconf 75' lang='lat' dir='ltr'><strong>suesusuloms</strong></span> <span class='ocrx_word' id='word_1_68' title='bbox 534 1589 670 1634; x_wconf 74' lang='lat' dir='ltr'><strong>osanam</strong></span> <span class='ocrx_word' id='word_1_69' title='bbox 687 1590 726 1634; x_wconf 73' lang='grc' dir='ltr'><strong>ΕΤ</strong></span> <span class='ocrx_word' id='word_1_70' title='bbox 740 1589 890 1636; x_wconf 80' lang='lat' dir='ltr'><strong>IOHANNIS</strong></span> <span class='ocrx_word' id='word_1_71' title='bbox 904 1589 1112 1636; x_wconf 70' lang='lat' dir='ltr'><strong>amasaeorum</strong></span> <span class='ocrx_word' id='word_1_72' title='bbox 1129 1591 1246 1636; x_wconf 74' lang='lat' dir='ltr'><strong>usulcls</strong></span> 
     </span>
     <span class='ocr_line' id='line_1_12' title="bbox 265 1695 1106 1743; baseline -0.001 -1"><span class='ocrx_word' id='word_1_73' title='bbox 265 1697 304 1742; x_wconf 73' lang='grc' dir='ltr'><strong>ΕΤ</strong></span> <span class='ocrx_word' id='word_1_74' title='bbox 326 1695 469 1743; x_wconf 78' lang='lat' dir='ltr'><strong>muscum</strong></span> <span class='ocrx_word' id='word_1_75' title='bbox 489 1695 689 1741; x_wconf 70' lang='lat' dir='ltr'>DIAGONORU!</span> <span class='ocrx_word' id='word_1_76' title='bbox 709 1695 749 1740; x_wconf 81' lang='grc' dir='ltr'><strong>ΕΤ</strong></span> <span class='ocrx_word' id='word_1_77' title='bbox 771 1696 886 1741; x_wconf 76' lang='lat' dir='ltr'><strong>sunum</strong></span> <span class='ocrx_word' id='word_1_78' title='bbox 908 1696 1106 1742; x_wconf 67' lang='lat' dir='ltr'><strong>assensuum.</strong></span> 
     </span>
    </p>
   </div>
   <div class='ocr_carea' id='block_1_5' title="bbox 69 1799 1287 3048">
    <p class='ocr_par' dir='ltr' id='par_1_7' title="bbox 69 1799 1287 3048">
     <span class='ocr_line' id='line_1_13' title="bbox 128 1799 1245 1883; baseline -0.002 -16"><span class='ocrx_word' id='word_1_79' title='bbox 128 1830 134 1837; x_wconf 92' lang='lat'>·</span> <span class='ocrx_word' id='word_1_80' title='bbox 162 1802 198 1867; x_wconf 90' lang='lat' dir='ltr'><strong>In</strong></span> <span class='ocrx_word' id='word_1_81' title='bbox 221 1802 349 1867; x_wconf 80' lang='lat' dir='ltr'><strong>ciuitate</strong></span> <span class='ocrx_word' id='word_1_82' title='bbox 371 1801 559 1866; x_wconf 78' lang='lat' dir='ltr'><strong>Aulonitana</strong></span> <span class='ocrx_word' id='word_1_83' title='bbox 581 1820 641 1883; x_wconf 91' lang='lat' dir='ltr'><strong>quo</strong></span> <span class='ocrx_word' id='word_1_84' title='bbox 667 1799 771 1865; x_wconf 87' lang='lat' dir='ltr'><strong>ordine</strong></span> <span class='ocrx_word' id='word_1_85' title='bbox 795 1819 866 1866; x_wconf 87' lang='lat' dir='ltr'><strong>oum</strong></span> <span class='ocrx_word' id='word_1_86' title='bbox 889 1800 939 1871; x_wconf 84' lang='lat' dir='ltr'><strong>dei</strong></span> <span class='ocrx_word' id='word_1_87' title='bbox 962 1799 1116 1866; x_wconf 84' lang='lat' dir='ltr'><strong>adiutorio</strong></span> <span class='ocrx_word' id='word_1_88' title='bbox 1139 1819 1245 1882; x_wconf 88' lang='lat' dir='ltr'><strong>perue-</strong></span> 
     </span>
     <span class='ocr_line' id='line_1_14' title="bbox 107 1905 1245 1990; baseline 0 -18"><span class='ocrx_word' id='word_1_89' title='bbox 107 1907 222 1987; x_wconf 82' lang='lat' dir='ltr'><strong>nimus</strong></span> <span class='ocrx_word' id='word_1_90' title='bbox 246 1910 278 1972; x_wconf 88' lang='lat' dir='ltr'><strong>et</strong></span> <span class='ocrx_word' id='word_1_91' title='bbox 300 1907 454 1990; x_wconf 93' lang='lat' dir='ltr'><strong>quomodo</strong></span> <span class='ocrx_word' id='word_1_92' title='bbox 478 1925 588 1972; x_wconf 89' lang='lat' dir='ltr'><strong>sumus</strong></span> <span class='ocrx_word' id='word_1_93' title='bbox 608 1906 746 1989; x_wconf 88' lang='lat' dir='ltr'><strong>suseepti</strong></span> <span class='ocrx_word' id='word_1_94' title='bbox 765 1907 802 1971; x_wconf 89' lang='lat' dir='ltr'><strong>ab</strong></span> <span class='ocrx_word' id='word_1_95' title='bbox 822 1907 968 1990; x_wconf 88' lang='lat' dir='ltr'><strong>episeopo</strong></span> <span class='ocrx_word' id='word_1_96' title='bbox 988 1905 1125 1971; x_wconf 82' lang='lat' dir='ltr'><strong>ciuitatis</strong></span> <span class='ocrx_word' id='word_1_97' title='bbox 1143 1906 1245 1989; x_wconf 92' lang='lat' dir='ltr'><strong>ipsius</strong></span> 
     </span>
     <span class='ocr_line' id='line_1_15' title="bbox 119 2011 1244 2096; baseline 0.001 -18"><span class='ocrx_word' id='word_1_98' title='bbox 119 2020 151 2078; x_wconf 86' lang='lat' dir='ltr'><strong>ot</strong></span> <span class='ocrx_word' id='word_1_99' title='bbox 169 2012 243 2096; x_wconf 89' lang='lat' dir='ltr'><strong>quid</strong></span> <span class='ocrx_word' id='word_1_100' title='bbox 267 2017 316 2079; x_wconf 87' lang='lat' dir='ltr'><strong>est</strong></span> <span class='ocrx_word' id='word_1_101' title='bbox 337 2016 442 2078; x_wconf 86' lang='lat' dir='ltr'><strong>aetum</strong></span> <span class='ocrx_word' id='word_1_102' title='bbox 459 2014 512 2077; x_wconf 92' lang='lat' dir='ltr'><strong>uel</strong></span> <span class='ocrx_word' id='word_1_103' title='bbox 531 2013 655 2095; x_wconf 90' lang='lat' dir='ltr'><strong>qualem</strong></span> <span class='ocrx_word' id='word_1_104' title='bbox 672 2029 858 2095; x_wconf 89' lang='lat' dir='ltr'><strong>responsum</strong></span> <span class='ocrx_word' id='word_1_105' title='bbox 877 2011 1028 2077; x_wconf 86' lang='lat' dir='ltr'><strong>dederunt</strong></span> <span class='ocrx_word' id='word_1_106' title='bbox 1046 2017 1079 2079; x_wconf 93' lang='lat' dir='ltr'><strong>et</strong></span> <span class='ocrx_word' id='word_1_107' title='bbox 1096 2013 1244 2095; x_wconf 84' lang='lat' dir='ltr'><strong>quiahoc</strong></span> 
     </span>
     <span class='ocr_line' id='line_1_16' title="bbox 70 2117 1243 2202; baseline -0.003 -16"><span class='ocrx_word' id='word_1_108' title='bbox 70 2119 274 2202; x_wconf 72' lang='lat' dir='ltr'><strong>repromisit,</strong></span> <span class='ocrx_word' id='word_1_109' title='bbox 305 2126 343 2183; x_wconf 87' lang='lat' dir='ltr'><strong>ut</strong></span> <span class='ocrx_word' id='word_1_110' title='bbox 369 2137 439 2184; x_wconf 85' lang='lat' dir='ltr'><strong>oum</strong></span> <span class='ocrx_word' id='word_1_111' title='bbox 469 2117 741 2199; x_wconf 89' lang='lat' dir='ltr'><strong>metropolitanum</strong></span> <span class='ocrx_word' id='word_1_112' title='bbox 771 2136 865 2182; x_wconf 89' lang='lat' dir='ltr'><strong>suum</strong></span> <span class='ocrx_word' id='word_1_113' title='bbox 892 2117 1008 2182; x_wconf 84' lang='lat' dir='ltr'><strong>faceret</strong></span> <span class='ocrx_word' id='word_1_114' title='bbox 1032 2117 1185 2196; x_wconf 82' lang='lat' dir='ltr'><strong>libellum,</strong></span> <span class='ocrx_word' id='word_1_115' title='bbox 1211 2119 1243 2183; x_wconf 93' lang='lat' dir='ltr'><strong>in</strong></span> 
     </span>
     <span class='ocr_line' id='line_1_17' title="bbox 120 2214 1287 2308; baseline -0.003 -19"><span class='ocrx_word' id='word_1_116' title='bbox 120 2214 181 2290; x_wconf 78' lang='lat' dir='ltr'><strong>alia</strong></span> <span class='ocrx_word' id='word_1_117' title='bbox 212 2225 346 2308; x_wconf 86' lang='lat' dir='ltr'><strong>epistola</strong></span> <span class='ocrx_word' id='word_1_118' title='bbox 376 2221 564 2289; x_wconf 85' lang='lat' dir='ltr'><strong>beatitudini</strong></span> <span class='ocrx_word' id='word_1_119' title='bbox 593 2226 716 2288; x_wconf 88' lang='lat' dir='ltr'><strong>uestrae</strong></span> <span class='ocrx_word' id='word_1_120' title='bbox 749 2223 1008 2306; x_wconf 75' lang='lat' dir='ltr'><strong>significauimus.</strong></span> <span class='ocrx_word' id='word_1_121' title='bbox 1058 2244 1130 2289; x_wconf 91' lang='lat' dir='ltr'><strong>nam</strong></span> <span class='ocrx_word' id='word_1_122' title='bbox 1161 2226 1243 2307; x_wconf 90' lang='lat' dir='ltr'><strong>quod</strong></span> <span class='ocrx_word' id='word_1_123' title='bbox 1268 2222 1287 2285; x_wconf 80' lang='lat'>2</span> 
     </span>
     <span class='ocr_line' id='line_1_18' title="bbox 118 2329 1242 2414; baseline 0.002 -21"><span class='ocrx_word' id='word_1_124' title='bbox 118 2330 150 2393; x_wconf 92' lang='lat' dir='ltr'><strong>in</strong></span> <span class='ocrx_word' id='word_1_125' title='bbox 179 2329 344 2414; x_wconf 76' lang='lat' dir='ltr'><strong>scampina</strong></span> <span class='ocrx_word' id='word_1_126' title='bbox 371 2330 500 2394; x_wconf 78' lang='lat' dir='ltr'><strong>ciuitate</strong></span> <span class='ocrx_word' id='word_1_127' title='bbox 527 2329 647 2393; x_wconf 82' lang='lat' dir='ltr'><strong>fautum</strong></span> <span class='ocrx_word' id='word_1_128' title='bbox 675 2332 733 2407; x_wconf 83' lang='lat' dir='ltr'><strong>est,</strong></span> <span class='ocrx_word' id='word_1_129' title='bbox 765 2330 881 2394; x_wconf 87' lang='lat' dir='ltr'><strong>uestris</strong></span> <span class='ocrx_word' id='word_1_130' title='bbox 914 2330 1108 2395; x_wconf 84' lang='lat' dir='ltr'><strong>orationibus</strong></span> <span class='ocrx_word' id='word_1_131' title='bbox 1140 2333 1242 2395; x_wconf 85' lang='lat' dir='ltr'><strong>tacere</strong></span> 
     </span>
     <span class='ocr_line' id='line_1_19' title="bbox 118 2434 1242 2519; baseline -0.001 -19"><span class='ocrx_word' id='word_1_132' title='bbox 118 2455 178 2502; x_wconf 92' lang='lat' dir='ltr'><strong>non</strong></span> <span class='ocrx_word' id='word_1_133' title='bbox 189 2436 371 2502; x_wconf 87' lang='lat' dir='ltr'><strong>omisimus.</strong></span> <span class='ocrx_word' id='word_1_134' title='bbox 395 2441 561 2517; x_wconf 84' lang='lat' dir='ltr'><strong>antequam</strong></span> <span class='ocrx_word' id='word_1_135' title='bbox 580 2454 635 2499; x_wconf 93' lang='lat' dir='ltr'><strong>nos</strong></span> <span class='ocrx_word' id='word_1_136' title='bbox 654 2434 885 2519; x_wconf 82' lang='lat' dir='ltr'><strong>ingrederemur</strong></span> <span class='ocrx_word' id='word_1_137' title='bbox 901 2436 934 2499; x_wconf 93' lang='lat' dir='ltr'><strong>in</strong></span> <span class='ocrx_word' id='word_1_138' title='bbox 947 2436 1113 2500; x_wconf 49' lang='lat' dir='ltr'><strong>¹ciuitatem</strong></span> <span class='ocrx_word' id='word_1_139' title='bbox 1130 2435 1242 2517; x_wconf 82' lang='lat' dir='ltr'><strong>ipsam,</strong></span> 
     </span>
     <span class='ocr_line' id='line_1_20' title="bbox 118 2540 1240 2624; baseline 0 -18"><span class='ocrx_word' id='word_1_140' title='bbox 118 2541 304 2607; x_wconf 92' lang='lat' dir='ltr'><strong>uenerabilis</strong></span> <span class='ocrx_word' id='word_1_141' title='bbox 340 2540 452 2605; x_wconf 78' lang='lat' dir='ltr'><strong>Troius</strong></span> <span class='ocrx_word' id='word_1_142' title='bbox 489 2541 655 2624; x_wconf 86' lang='lat' dir='ltr'><strong>episeopus</strong></span> <span class='ocrx_word' id='word_1_143' title='bbox 693 2559 764 2605; x_wconf 90' lang='lat' dir='ltr'><strong>oum</strong></span> <span class='ocrx_word' id='word_1_144' title='bbox 797 2560 853 2606; x_wconf 93' lang='lat' dir='ltr'><strong>suo</strong></span> <span class='ocrx_word' id='word_1_145' title='bbox 890 2541 971 2605; x_wconf 84' lang='lat' dir='ltr'><strong>clero</strong></span> <span class='ocrx_word' id='word_1_146' title='bbox 1007 2540 1060 2606; x_wconf 91' lang='lat' dir='ltr'><strong>uel</strong></span> <span class='ocrx_word' id='word_1_147' title='bbox 1089 2542 1180 2623; x_wconf 86' lang='lat' dir='ltr'><strong>plebe</strong></span> <span class='ocrx_word' id='word_1_148' title='bbox 1209 2543 1240 2606; x_wconf 94' lang='lat' dir='ltr'><strong>in</strong></span> 
     </span>
     <span class='ocr_line' id='line_1_21' title="bbox 69 2637 1241 2731; baseline -0.005 -13"><span class='ocrx_word' id='word_1_149' title='bbox 69 2679 98 2719; x_wconf 77' lang='lat' dir='ltr'><strong>ao</strong></span> <span class='ocrx_word' id='word_1_150' title='bbox 118 2665 283 2713; x_wconf 80' lang='lat' dir='ltr'><strong>occursum</strong></span> <span class='ocrx_word' id='word_1_151' title='bbox 311 2641 401 2714; x_wconf 90' lang='lat' dir='ltr'><strong>nobis</strong></span> <span class='ocrx_word' id='word_1_152' title='bbox 430 2664 575 2731; x_wconf 83' lang='lat' dir='ltr'><strong>egressus</strong></span> <span class='ocrx_word' id='word_1_153' title='bbox 603 2648 661 2723; x_wconf 84' lang='lat' dir='ltr'><strong>est,</strong></span> <span class='ocrx_word' id='word_1_154' title='bbox 691 2649 722 2710; x_wconf 87' lang='lat' dir='ltr'><strong>et</strong></span> <span class='ocrx_word' id='word_1_155' title='bbox 749 2647 904 2729; x_wconf 90' lang='lat' dir='ltr'><strong>quomodo</strong></span> <span class='ocrx_word' id='word_1_156' title='bbox 933 2647 1009 2712; x_wconf 91' lang='lat' dir='ltr'><strong>deus</strong></span> <span class='ocrx_word' id='word_1_157' title='bbox 1037 2637 1165 2730; x_wconf 83' lang='lat' dir='ltr'><strong>inipso</strong></span> <span class='ocrx_word' id='word_1_158' title='bbox 1192 2649 1241 2713; x_wconf 90' lang='lat' dir='ltr'><strong>die</strong></span> 
     </span>
     <span class='ocr_line' id='line_1_22' title="bbox 116 2751 1242 2834; baseline 0.001 -17"><span class='ocrx_word' id='word_1_159' title='bbox 116 2752 299 2818; x_wconf 80' lang='lat' dir='ltr'><strong>benedictus</strong></span> <span class='ocrx_word' id='word_1_160' title='bbox 335 2757 384 2818; x_wconf 85' lang='lat' dir='ltr'><strong>est</strong></span> <span class='ocrx_word' id='word_1_161' title='bbox 419 2754 451 2817; x_wconf 89' lang='lat' dir='ltr'><strong>et</strong></span> <span class='ocrx_word' id='word_1_162' title='bbox 483 2770 561 2834; x_wconf 88' lang='lat' dir='ltr'><strong>quae</strong></span> <span class='ocrx_word' id='word_1_163' title='bbox 593 2751 750 2815; x_wconf 86' lang='lat' dir='ltr'><strong>festiuitas</strong></span> <span class='ocrx_word' id='word_1_164' title='bbox 781 2771 837 2833; x_wconf 89' lang='lat' dir='ltr'><strong>per</strong></span> <span class='ocrx_word' id='word_1_165' title='bbox 867 2752 967 2834; x_wconf 91' lang='lat' dir='ltr'><strong>ipsius</strong></span> <span class='ocrx_word' id='word_1_166' title='bbox 1005 2752 1155 2833; x_wconf 88' lang='lat' dir='ltr'><strong>pietatem</strong></span> <span class='ocrx_word' id='word_1_167' title='bbox 1193 2758 1242 2819; x_wconf 86' lang='lat' dir='ltr'><strong>est</strong></span> 
     </span>
     <span class='ocr_line' id='line_1_23' title="bbox 117 2857 1282 2940; baseline -0.001 -18"><span class='ocrx_word' id='word_1_168' title='bbox 117 2858 295 2935; x_wconf 78' lang='lat' dir='ltr'><strong>subsecuta,</strong></span> <span class='ocrx_word' id='word_1_169' title='bbox 329 2858 368 2923; x_wconf 92' lang='lat' dir='ltr'><strong>ad</strong></span> <span class='ocrx_word' id='word_1_170' title='bbox 399 2857 542 2922; x_wconf 88' lang='lat' dir='ltr'><strong>notitiam</strong></span> <span class='ocrx_word' id='word_1_171' title='bbox 575 2857 772 2940; x_wconf 87' lang='lat' dir='ltr'><strong>apostolatus</strong></span> <span class='ocrx_word' id='word_1_172' title='bbox 799 2859 898 2922; x_wconf 86' lang='lat' dir='ltr'><strong>uestri</strong></span> <span class='ocrx_word' id='word_1_173' title='bbox 929 2858 1102 2926; x_wconf 73' lang='lat' dir='ltr'><strong>referimus,</strong></span> <span class='ocrx_word' id='word_1_174' title='bbox 1150 2859 1282 2924; x_wconf 91' lang='lat' dir='ltr'><strong>nobis3</strong></span> 
     </span>
     <span class='ocr_line' id='line_1_24' title="bbox 115 2963 1239 3048; baseline 0.001 -20"><span class='ocrx_word' id='word_1_175' title='bbox 115 2964 332 3046; x_wconf 77' lang='lat' dir='ltr'><strong>praesentibus</strong></span> <span class='ocrx_word' id='word_1_176' title='bbox 360 2965 412 3028; x_wconf 91' lang='lat' dir='ltr'><strong>uel</strong></span> <span class='ocrx_word' id='word_1_177' title='bbox 439 2969 496 3028; x_wconf 89' lang='lat' dir='ltr'><strong>suo</strong></span> <span class='ocrx_word' id='word_1_178' title='bbox 514 2963 601 3027; x_wconf 84' lang='lat' dir='ltr'><strong>olero</strong></span> <span class='ocrx_word' id='word_1_179' title='bbox 626 2965 658 3027; x_wconf 91' lang='lat' dir='ltr'><strong>et</strong></span> <span class='ocrx_word' id='word_1_180' title='bbox 680 2963 839 3030; x_wconf 91' lang='lat' dir='ltr'><strong>nobilibus</strong></span> <span class='ocrx_word' id='word_1_181' title='bbox 866 2965 943 3028; x_wconf 89' lang='lat' dir='ltr'><strong>uiris</strong></span> <span class='ocrx_word' id='word_1_182' title='bbox 971 2965 1072 3048; x_wconf 88' lang='lat' dir='ltr'><strong>ipsius</strong></span> <span class='ocrx_word' id='word_1_183' title='bbox 1100 2965 1239 3030; x_wconf 79' lang='lat' dir='ltr'><strong>ciuitatis</strong></span> 
     </span>
    </p>
   </div>
   <div class='ocr_carea' id='block_1_6' title="bbox 106 3151 1345 4268">
    <p class='ocr_par' dir='ltr' id='par_1_8' title="bbox 113 3151 1238 3312">
     <span class='ocr_line' id='line_1_25' title="bbox 153 3151 1238 3223; baseline 0.002 -17"><span class='ocrx_word' id='word_1_184' title='bbox 153 3151 276 3206; x_wconf 83' lang='lat' dir='ltr'><strong>lfabore</strong></span> <span class='ocrx_word' id='word_1_185' title='bbox 299 3153 324 3205; x_wconf 86' lang='lat' dir='ltr'><em>V</em></span> <span class='ocrx_word' id='word_1_186' title='bbox 375 3153 573 3208; x_wconf 64' lang='lat' dir='ltr'><strong>dstatueuetur</strong></span> <span class='ocrx_word' id='word_1_187' title='bbox 595 3153 627 3215; x_wconf 80' lang='lat' dir='ltr'><strong>V.</strong></span> <span class='ocrx_word' id='word_1_188' title='bbox 645 3168 712 3208; x_wconf 80' lang='lat' dir='ltr'><strong>corr.</strong></span> <span class='ocrx_word' id='word_1_189' title='bbox 732 3151 759 3203; x_wconf 75' lang='grc' dir='ltr'><strong>ο2</strong></span> <span class='ocrx_word' id='word_1_190' title='bbox 810 3152 992 3207; x_wconf 74' lang='lat' dir='ltr'><strong>ddetulerint</strong></span> <span class='ocrx_word' id='word_1_191' title='bbox 1010 3171 1027 3203; x_wconf 91' lang='grc' dir='ltr'><strong>α</strong></span> <span class='ocrx_word' id='word_1_192' title='bbox 1080 3151 1238 3223; x_wconf 75' lang='lat' dir='ltr'><strong>teonstap·</strong></span> 
     </span>
     <span class='ocr_line' id='line_1_26' title="bbox 113 3240 767 3312; baseline -0.002 -18"><span class='ocrx_word' id='word_1_193' title='bbox 113 3241 228 3312; x_wconf 80' lang='lat' dir='ltr'><strong>tinopoll</strong></span> <span class='ocrx_word' id='word_1_194' title='bbox 248 3240 281 3298; x_wconf 88' lang='lat' dir='ltr'><strong>V.</strong></span> <span class='ocrx_word' id='word_1_195' title='bbox 299 3257 365 3295; x_wconf 75' lang='lat' dir='ltr'><strong>coer.</strong></span> <span class='ocrx_word' id='word_1_196' title='bbox 385 3259 399 3292; x_wconf 88' lang='lat' dir='ltr'><strong>o</strong></span> <span class='ocrx_word' id='word_1_197' title='bbox 452 3241 469 3295; x_wconf 89' lang='lat'>8</span> <span class='ocrx_word' id='word_1_198' title='bbox 488 3252 559 3296; x_wconf 84' lang='lat' dir='ltr'><strong>eous.</strong></span> <span class='ocrx_word' id='word_1_199' title='bbox 579 3241 643 3297; x_wconf 83' lang='lat' dir='ltr'><strong>add.</strong></span> <span class='ocrx_word' id='word_1_200' title='bbox 662 3241 767 3296; x_wconf 81' lang='lat' dir='ltr'><strong>Butler.</strong></span> 
     </span>
    </p>

    <p class='ocr_par' dir='ltr' id='par_1_9' title="bbox 106 3329 1345 4268">
     <span class='ocr_line' id='line_1_27' title="bbox 149 3329 1236 3397; baseline 0 -14"><span class='ocrx_word' id='word_1_201' title='bbox 149 3329 213 3384; x_wconf 79' lang='lat' dir='ltr'><strong>ala.</strong></span> <span class='ocrx_word' id='word_1_202' title='bbox 283 3329 352 3383; x_wconf 84' lang='lat' dir='ltr'><strong>Dat.</strong></span> <span class='ocrx_word' id='word_1_203' title='bbox 371 3345 397 3382; x_wconf 85' lang='lat' dir='ltr'><strong>a.</strong></span> <span class='ocrx_word' id='word_1_204' title='bbox 419 3331 473 3382; x_wconf 88' lang='lat'><strong>519</strong></span> <span class='ocrx_word' id='word_1_205' title='bbox 489 3335 601 3384; x_wconf 77' lang='lat' dir='ltr'><strong>exeunte</strong></span> <span class='ocrx_word' id='word_1_206' title='bbox 617 3345 704 3383; x_wconf 75' lang='lat' dir='ltr'><strong>mense</strong></span> <span class='ocrx_word' id='word_1_207' title='bbox 722 3329 802 3397; x_wconf 65' lang='lat' dir='ltr'><strong>It&#39;edr¹</strong></span> <span class='ocrx_word' id='word_1_208' title='bbox 821 3329 866 3394; x_wconf 72' lang='lat' dir='ltr'><strong>uel</strong></span> <span class='ocrx_word' id='word_1_209' title='bbox 882 3332 991 3384; x_wconf 76' lang='lat' dir='ltr'><strong>ineunte</strong></span> <span class='ocrx_word' id='word_1_210' title='bbox 1008 3330 1096 3384; x_wconf 82' lang='lat' dir='ltr'><strong>Mart.</strong></span> <span class='ocrx_word' id='word_1_211' title='bbox 1163 3329 1236 3384; x_wconf 73' lang='lat' dir='ltr'><strong>Eud.</strong></span> 
     </span>
     <span class='ocr_line' id='line_1_28' title="bbox 117 3416 1238 3486; baseline -0.001 -14"><span class='ocrx_word' id='word_1_212' title='bbox 117 3416 178 3474; x_wconf 78' lang='lat' dir='ltr'><strong>Gur.</strong></span> <span class='ocrx_word' id='word_1_213' title='bbox 197 3417 228 3471; x_wconf 72' lang='lat'><strong>12</strong></span> <span class='ocrx_word' id='word_1_214' title='bbox 248 3420 319 3485; x_wconf 75' lang='lat' dir='ltr'><strong>d89,·</strong></span> <span class='ocrx_word' id='word_1_215' title='bbox 341 3417 410 3471; x_wconf 83' lang='lat' dir='ltr'><strong>Bar.</strong></span> <span class='ocrx_word' id='word_1_216' title='bbox 430 3419 468 3472; x_wconf 84' lang='lat' dir='ltr'><strong>od</strong></span> <span class='ocrx_word' id='word_1_217' title='bbox 486 3435 512 3472; x_wconf 85' lang='lat' dir='ltr'><strong>o.</strong></span> <span class='ocrx_word' id='word_1_218' title='bbox 535 3420 594 3483; x_wconf 87' lang='grc'><strong><em>519,</em></strong></span> <span class='ocrx_word' id='word_1_219' title='bbox 616 3421 668 3485; x_wconf 78' lang='grc'><strong>34,·</strong></span> <span class='ocrx_word' id='word_1_220' title='bbox 693 3418 800 3473; x_wconf 83' lang='lat' dir='ltr'><strong>Galleet.</strong></span> <span class='ocrx_word' id='word_1_221' title='bbox 823 3419 940 3486; x_wconf 79' lang='lat' dir='ltr'><strong>Oooeit.·;</strong></span> <span class='ocrx_word' id='word_1_222' title='bbox 960 3419 1038 3472; x_wconf 81' lang='lat' dir='ltr'><strong>Tioiel</strong></span> <span class='ocrx_word' id='word_1_223' title='bbox 1056 3421 1123 3472; x_wconf 81' lang='lat'><em>850.</em></span> <span class='ocrx_word' id='word_1_224' title='bbox 1194 3417 1238 3471; x_wconf 79' lang='lat' dir='ltr'><strong>De</strong></span> 
     </span>
     <span class='ocr_line' id='line_1_29' title="bbox 112 3506 1236 3575; baseline 0 -15"><span class='ocrx_word' id='word_1_225' title='bbox 112 3506 322 3574; x_wconf 67' lang='lat' dir='ltr'><strong>supposuimus</strong></span> <span class='ocrx_word' id='word_1_226' title='bbox 343 3509 399 3561; x_wconf 75' lang='lat'><strong>213</strong></span> <span class='ocrx_word' id='word_1_227' title='bbox 422 3511 447 3559; x_wconf 85' lang='lat' dir='ltr'><strong>et</strong></span> <span class='ocrx_word' id='word_1_228' title='bbox 469 3509 525 3560; x_wconf 66' lang='lat'><strong>214</strong></span> <span class='ocrx_word' id='word_1_229' title='bbox 549 3522 692 3574; x_wconf 76' lang='lat' dir='ltr'><strong>earumque</strong></span> <span class='ocrx_word' id='word_1_230' title='bbox 715 3512 823 3560; x_wconf 78' lang='lat' dir='ltr'><strong>auctore</strong></span> <span class='ocrx_word' id='word_1_231' title='bbox 843 3507 907 3560; x_wconf 81' lang='lat' dir='ltr'><strong>uide</strong></span> <span class='ocrx_word' id='word_1_232' title='bbox 928 3524 998 3575; x_wconf 79' lang='lat' dir='ltr'><strong>qaue</strong></span> <span class='ocrx_word' id='word_1_233' title='bbox 1021 3507 1157 3565; x_wconf 75' lang='lat' dir='ltr'><strong>adooraoi</strong></span> <span class='ocrx_word' id='word_1_234' title='bbox 1174 3506 1236 3560; x_wconf 80' lang='lat' dir='ltr'><strong>Bei-</strong></span> 
     </span>
     <span class='ocr_line' id='line_1_30' title="bbox 112 3595 1237 3662; baseline 0 -16"><span class='ocrx_word' id='word_1_235' title='bbox 112 3597 188 3662; x_wconf 78' lang='lat' dir='ltr'><strong>trdpe</strong></span> <span class='ocrx_word' id='word_1_236' title='bbox 198 3611 229 3662; x_wconf 84' lang='lat' dir='ltr'><strong>p.</strong></span> <span class='ocrx_word' id='word_1_237' title='bbox 248 3596 288 3647; x_wconf 73' lang='lat'><strong>22</strong></span> <span class='ocrx_word' id='word_1_238' title='bbox 305 3595 370 3648; x_wconf 78' lang='lat' dir='ltr'><strong>adn.</strong></span> <span class='ocrx_word' id='word_1_239' title='bbox 389 3599 418 3659; x_wconf 85' lang='grc'><strong>1,·</strong></span> <span class='ocrx_word' id='word_1_240' title='bbox 434 3601 551 3662; x_wconf 78' lang='lat' dir='ltr'><strong>utruque</strong></span> <span class='ocrx_word' id='word_1_241' title='bbox 573 3600 630 3647; x_wconf 87' lang='lat' dir='ltr'><strong>tam</strong></span> <span class='ocrx_word' id='word_1_242' title='bbox 651 3595 813 3648; x_wconf 76' lang='lat' dir='ltr'><strong>inconcione</strong></span> <span class='ocrx_word' id='word_1_243' title='bbox 830 3596 1023 3648; x_wconf 80' lang='lat' dir='ltr'><strong>sententiarum</strong></span> <span class='ocrx_word' id='word_1_244' title='bbox 1040 3611 1113 3648; x_wconf 78' lang='lat' dir='ltr'><strong>nexu</strong></span> <span class='ocrx_word' id='word_1_245' title='bbox 1130 3595 1237 3662; x_wconf 64' lang='lat' dir='ltr'><strong>tompus</strong></span> 
     </span>
     <span class='ocr_line' id='line_1_31' title="bbox 113 3682 1237 3752; baseline -0.001 -16"><span class='ocrx_word' id='word_1_246' title='bbox 113 3683 212 3752; x_wconf 79' lang='lat' dir='ltr'><strong>opresta&#39;</strong></span> <span class='ocrx_word' id='word_1_247' title='bbox 227 3682 386 3752; x_wconf 67' lang='lat' dir='ltr'><strong>inertiaque</strong></span> <span class='ocrx_word' id='word_1_248' title='bbox 403 3683 513 3737; x_wconf 77' lang='lat' dir='ltr'><strong>dicendi</strong></span> <span class='ocrx_word' id='word_1_249' title='bbox 529 3684 637 3738; x_wconf 79' lang='lat' dir='ltr'><strong>ratione</strong></span> <span class='ocrx_word' id='word_1_250' title='bbox 654 3684 768 3752; x_wconf 68' lang='lat' dir='ltr'><strong>iuniperis</strong></span> <span class='ocrx_word' id='word_1_251' title='bbox 786 3688 832 3750; x_wconf 82' lang='lat' dir='ltr'><strong>est,</strong></span> <span class='ocrx_word' id='word_1_252' title='bbox 845 3689 877 3737; x_wconf 78' lang='lat' dir='ltr'><strong>ut</strong></span> <span class='ocrx_word' id='word_1_253' title='bbox 889 3700 946 3737; x_wconf 81' lang='lat' dir='ltr'><strong>oon</strong></span> <span class='ocrx_word' id='word_1_254' title='bbox 959 3690 1052 3738; x_wconf 71' lang='lat' dir='ltr'><strong>temen</strong></span> <span class='ocrx_word' id='word_1_255' title='bbox 1065 3683 1133 3736; x_wconf 80' lang='lat' dir='ltr'><strong>mihi</strong></span> <span class='ocrx_word' id='word_1_256' title='bbox 1144 3683 1237 3750; x_wconf 80' lang='lat' dir='ltr'><strong>fecisse</strong></span> 
     </span>
     <span class='ocr_line' id='line_1_32' title="bbox 111 3770 1236 3840; baseline -0.001 -16"><span class='ocrx_word' id='word_1_257' title='bbox 111 3770 218 3837; x_wconf 76' lang='lat' dir='ltr'><strong>uidear,</strong></span> <span class='ocrx_word' id='word_1_258' title='bbox 241 3771 315 3839; x_wconf 76' lang='lat' dir='ltr'><strong>quod</strong></span> <span class='ocrx_word' id='word_1_259' title='bbox 337 3771 425 3824; x_wconf 83' lang='lat' dir='ltr'><strong>multo</strong></span> <span class='ocrx_word' id='word_1_260' title='bbox 449 3786 519 3840; x_wconf 78' lang='lat' dir='ltr'><strong>quoe</strong></span> <span class='ocrx_word' id='word_1_261' title='bbox 540 3772 571 3825; x_wconf 81' lang='lat' dir='ltr'><strong>in</strong></span> <span class='ocrx_word' id='word_1_262' title='bbox 596 3771 713 3825; x_wconf 76' lang='lat' dir='ltr'><strong>aliorum</strong></span> <span class='ocrx_word' id='word_1_263' title='bbox 735 3772 855 3840; x_wconf 80' lang='lat' dir='ltr'><strong>epistolis</strong></span> <span class='ocrx_word' id='word_1_264' title='bbox 876 3772 984 3827; x_wconf 75' lang='lat' dir='ltr'><strong>minime</strong></span> <span class='ocrx_word' id='word_1_265' title='bbox 1002 3771 1121 3825; x_wconf 81' lang='lat' dir='ltr'><strong>tulissem</strong></span> <span class='ocrx_word' id='word_1_266' title='bbox 1139 3775 1236 3824; x_wconf 80' lang='lat' dir='ltr'><strong>eontra</strong></span> 
     </span>
     <span class='ocr_line' id='line_1_33' title="bbox 106 3855 1237 3929; baseline 0 -16"><span class='ocrx_word' id='word_1_267' title='bbox 106 3859 233 3928; x_wconf 68' lang='lat' dir='ltr'><strong>peioraue</strong></span> <span class='ocrx_word' id='word_1_268' title='bbox 257 3859 407 3914; x_wconf 76' lang='lat' dir='ltr'><strong>editionum</strong></span> <span class='ocrx_word' id='word_1_269' title='bbox 430 3875 530 3914; x_wconf 82' lang='lat' dir='ltr'><strong>morem</strong></span> <span class='ocrx_word' id='word_1_270' title='bbox 553 3860 597 3913; x_wconf 81' lang='lat' dir='ltr'><strong>trie</strong></span> <span class='ocrx_word' id='word_1_271' title='bbox 620 3876 676 3915; x_wconf 79' lang='lat' dir='ltr'><strong>noo</strong></span> <span class='ocrx_word' id='word_1_272' title='bbox 701 3855 787 3915; x_wconf 77' lang='lat' dir='ltr'><strong>codici</strong></span> <span class='ocrx_word' id='word_1_273' title='bbox 811 3857 962 3929; x_wconf 67' lang='lat' dir='ltr'><strong>depredato</strong></span> <span class='ocrx_word' id='word_1_274' title='bbox 985 3860 1034 3914; x_wconf 80' lang='lat' dir='ltr'><strong>sed</strong></span> <span class='ocrx_word' id='word_1_275' title='bbox 1049 3860 1104 3929; x_wconf 80' lang='lat' dir='ltr'><strong>ipsi</strong></span> <span class='ocrx_word' id='word_1_276' title='bbox 1122 3859 1237 3913; x_wconf 80' lang='lat' dir='ltr'><strong>attribui</strong></span> 
     </span>
     <span class='ocr_line' id='line_1_34' title="bbox 112 3935 1345 4018; baseline -0.002 -16"><span class='ocrx_word' id='word_1_277' title='bbox 112 3939 227 4002; x_wconf 72' lang='lat' dir='ltr'><strong>auewri.</strong></span> <span class='ocrx_word' id='word_1_278' title='bbox 334 3935 435 4003; x_wconf 64' lang='lat'><strong>10112‘1</strong></span> <span class='ocrx_word' id='word_1_279' title='bbox 458 3948 489 4010; x_wconf 80' lang='lat' dir='ltr'><strong>V,</strong></span> <span class='ocrx_word' id='word_1_280' title='bbox 513 3965 580 4004; x_wconf 82' lang='lat' dir='ltr'><strong>corr.</strong></span> <span class='ocrx_word' id='word_1_281' title='bbox 603 3950 671 4003; x_wconf 88' lang='lat' dir='ltr'><strong>Bor.</strong></span> <span class='ocrx_word' id='word_1_282' title='bbox 779 3950 810 4003; x_wconf 93' lang='lat'><strong>11</strong></span> <span class='ocrx_word' id='word_1_283' title='bbox 838 3935 899 4003; x_wconf 63' lang='lat' dir='ltr'><strong>offas</strong></span> <span class='ocrx_word' id='word_1_284' title='bbox 927 3949 952 4002; x_wconf 94' lang='lat' dir='ltr'><em>V</em></span> <span class='ocrx_word' id='word_1_285' title='bbox 1060 3949 1093 4002; x_wconf 92' lang='grc'><strong>14</strong></span> <span class='ocrx_word' id='word_1_286' title='bbox 1120 3948 1197 4018; x_wconf 88' lang='lat' dir='ltr'><strong>quale</strong></span> <span class='ocrx_word' id='word_1_287' title='bbox 1221 3966 1234 4000; x_wconf 89' lang='lat' dir='ltr'><strong>o</strong></span> <span class='ocrx_word' id='word_1_288' title='bbox 1343 3987 1345 3992; x_wconf 90' lang='lat'><em>.</em></span> 
     </span>
     <span class='ocr_line' id='line_1_35' title="bbox 112 4035 1234 4108; baseline -0.002 -18"><span class='ocrx_word' id='word_1_289' title='bbox 112 4037 145 4090; x_wconf 87' lang='grc'><strong>15</strong></span> <span class='ocrx_word' id='word_1_290' title='bbox 163 4035 369 4106; x_wconf 84' lang='lat' dir='ltr'><strong>metropolitano</strong></span> <span class='ocrx_word' id='word_1_291' title='bbox 389 4053 436 4089; x_wconf 91' lang='lat' dir='ltr'><strong>suo</strong></span> <span class='ocrx_word' id='word_1_292' title='bbox 459 4036 521 4093; x_wconf 80' lang='lat' dir='ltr'><strong>Gar.</strong></span> <span class='ocrx_word' id='word_1_293' title='bbox 603 4038 635 4092; x_wconf 88' lang='grc'><strong>18</strong></span> <span class='ocrx_word' id='word_1_294' title='bbox 655 4038 790 4091; x_wconf 89' lang='lat' dir='ltr'><strong>omisimus</strong></span> <span class='ocrx_word' id='word_1_295' title='bbox 813 4039 849 4091; x_wconf 89' lang='lat' dir='ltr'><strong>V:</strong></span> <span class='ocrx_word' id='word_1_296' title='bbox 867 4038 1035 4108; x_wconf 86' lang='lat' dir='ltr'><strong>permisimus</strong></span> <span class='ocrx_word' id='word_1_297' title='bbox 1053 4036 1131 4099; x_wconf 87' lang='lat' dir='ltr'><strong>Bar.,</strong></span> <span class='ocrx_word' id='word_1_298' title='bbox 1150 4035 1234 4088; x_wconf 85' lang='lat' dir='ltr'><strong>admi·</strong></span> 
     </span>
     <span class='ocr_line' id='line_1_36' title="bbox 109 4121 1234 4196; baseline 0 -18"><span class='ocrx_word' id='word_1_299' title='bbox 109 4126 194 4179; x_wconf 88' lang='lat' dir='ltr'><strong>simus</strong></span> <span class='ocrx_word' id='word_1_300' title='bbox 219 4124 265 4178; x_wconf 78' lang='lat' dir='ltr'><strong>uel</strong></span> <span class='ocrx_word' id='word_1_301' title='bbox 291 4126 468 4179; x_wconf 84' lang='lat' dir='ltr'><strong>commisimus</strong></span> <span class='ocrx_word' id='word_1_302' title='bbox 499 4126 592 4194; x_wconf 65' lang='lat' dir='ltr'><strong>Tuscu·</strong></span> <span class='ocrx_word' id='word_1_303' title='bbox 619 4144 663 4196; x_wconf 78' lang='lat' dir='ltr'><strong>epo</strong></span> <span class='ocrx_word' id='word_1_304' title='bbox 691 4128 772 4181; x_wconf 82' lang='lat' dir='ltr'><strong>etium</strong></span> <span class='ocrx_word' id='word_1_305' title='bbox 798 4127 869 4180; x_wconf 79' lang='lat' dir='ltr'><strong>tuone</strong></span> <span class='ocrx_word' id='word_1_306' title='bbox 897 4121 1003 4181; x_wconf 80' lang='lat' dir='ltr'><strong>diosnds&#39;</strong></span> <span class='ocrx_word' id='word_1_307' title='bbox 1031 4124 1234 4194; x_wconf 74' lang='lat' dir='ltr'><strong>pemersitatem</strong></span> 
     </span>
     <span class='ocr_line' id='line_1_37' title="bbox 110 4213 415 4268; baseline 0 0"><span class='ocrx_word' id='word_1_308' title='bbox 110 4214 220 4268; x_wconf 70' lang='lat' dir='ltr'><strong>stratori</strong></span> <span class='ocrx_word' id='word_1_309' title='bbox 237 4213 415 4268; x_wconf 70' lang='lat' dir='ltr'><strong>adtribuet-im</strong></span> 
     </span>
    </p>
   </div>
   <div class='ocr_carea' id='block_1_7' title="bbox 162 4319 1163 4386">
    <p class='ocr_par' dir='ltr' id='par_1_10' title="bbox 162 4319 1163 4386">
     <span class='ocr_line' id='line_1_38' title="bbox 162 4319 1163 4386; baseline -0.005 -9"><span class='ocrx_word' id='word_1_310' title='bbox 162 4337 242 4377; x_wconf 82' lang='lat' dir='ltr'>xxxv</span> <span class='ocrx_word' id='word_1_311' title='bbox 257 4343 315 4386; x_wconf 64' lang='lat' dir='ltr'><strong>aare</strong></span> <span class='ocrx_word' id='word_1_312' title='bbox 325 4340 344 4378; x_wconf 82' lang='lat' dir='ltr'><strong>a.</strong></span> <span class='ocrx_word' id='word_1_313' title='bbox 1129 4319 1163 4372; x_wconf 83' lang='lat'><strong>43</strong></span> 
     </span>
    </p>
   </div>
   <div class='ocr_carea' id='block_1_8' title="bbox 0 0 1436 4620">
    <p class='ocr_par' dir='ltr' id='par_1_11' title="bbox 0 0 1436 4620">
     <span class='ocr_line' id='line_1_39' title="bbox 0 0 1436 4620; baseline 0 4"><span class='ocrx_word' id='word_1_314' title='bbox 0 0 1436 4620; x_wconf 95' lang='lat' dir='ltr'><strong> </strong></span> 
     </span>
    </p>
   </div>
  </div>
 </body>
</html>
