2864 4620
423 269 509 339 Epist.
529 267 613 325 0va
629 268 661 322 21
682 297 715 306 -
734 265 841 321 cxxvi
860 282 875 319 a
895 264 918 318 l.
1168 266 1231 329 519

116 470 155 541 od
186 486 243 533 nos
274 467 306 531 in
335 464 451 532 Christi
484 462 584 548 signo,
612 465 648 527 ut
676 462 845 526 aduentum
876 479 1089 542 procuremus,
1121 459 1237 540 scripta

117 575 253 658 dirigite.
319 573 554 655 praetereaest
581 569 772 634 consuetudo
800 587 855 649 per
882 567 1062 649 episcopum
1090 562 1288 631 constan-25

117 670 359 763 tinopolitanum
384 696 490 743 omnes
512 674 693 758 imperatori
717 675 881 757 episcopos
904 672 1103 755 praesentari.
1132 673 1159 736 si
1181 672 1240 738 hoc

116 772 243 852 illorum
258 785 391 850 callidus
404 786 556 848 tractatus
575 781 729 846 inuenerit
747 779 907 845 uolentum
927 780 1056 845 formam
1074 780 1239 864 legationis

82 915 96 954 s
119 907 297 977 agnoscere,
320 894 357 954 ut
380 909 451 973 cum
474 889 649 966 Timotheo,
676 887 730 969 qui
749 886 882 951 ‘uidetur
908 885 999 951 modo
1024 885 1238 953 Constantino-

118 998 288 1082 politanam
325 995 489 1061 ecclesiam
525 989 710 1076 gubernare,
750 992 967 1076 imperatorem
1007 992 1155 1072 uideatis,
1193 995 1239 1059 sic

119 1095 223 1189 facite,
246 1106 284 1167 ut
307 1102 334 1167 si
357 1104 429 1166 ante
451 1099 652 1185 agnoueritis‚
672 1118 765 1181 quam
789 1099 828 1163 ad
849 1099 1064 1181 imperatorem
1087 1098 1240 1183 ingredia·

119 1211 208 1287 mini,
232 1211 297 1275 ista
324 1207 446 1291 disponi
473 1225 528 1290 per·
555 1205 686 1288 aliquos,
713 1205 845 1275 necdum
871 1205 1060 1286 praesentati
1085 1205 1238 1271 mandetis

117 1317 205 1381 ‘talia
241 1315 332 1384 uobis
368 1313 455 1379 dedit
484 1315 649 1395 praecepta
679 1314 768 1397 pater
797 1311 923 1394 pietatis
949 1315 1083 1390 uestrae,
1106 1315 1147 1377 ιιι
1173 1313 1239 1378 sine

77 1423 224 1504 malique
260 1421 475 1504 episcoporum
510 1422 648 1484 uestram
685 1418 881 1487 clementiam
917 1416 1102 1507 uideamus.
1168 1410 1290 1505 ergo26

115 1529 216 1612 agite,
240 1526 337 1593 donec
360 1545 395 1591 se
417 1526 455 1589 ab
478 1525 537 1590 h'ac
560 1524 783 1590 consuetudine
805 1525 872 1607 ipse
898 1526 1076 1591 remouent.
1107 1526 1240 1610 quodsi

122 1633 246 1700 omnino
264 1633 400 1699 noluerit
417 1635 472 1697 aut
489 1632 516 1696 si
535 1632 671 1714 captiose
690 1632 864 1715 contigerit,
882 1636 919 1696 ut
936 1634 1006 1697 ante
1023 1633 1239 1714 imperatorem

120 1740 275 1821 inopinati
296 1739 494 1803 Timotheum
517 1736 662 1815 uideatis,
684 1737 731 1802 ita
752 1738 911 1830 suggerite
934 1738 1110 1822 ‘praecipiat
1138 1740 1240 1821 'pietas
1283 1770 1299 1812 χ

122 1845 329 1910 uestrenobis
344 1844 414 1909 dare
432 1848 599 1919 secretum.
613 1847 653 1909 ut*
667 1863 787 1920 causas
805 1864 860 1926 pro
880 1844 992 1926 quibus
1011 1845 1101 1910 missi
1119 1860 1240 1925 sumus,

79 1975 104 2014 m
121 1959 370 2034 (exponamus).
445 1950 474 2015 si
501 1949 612 2015 dixerit
637 1950 740 2016 ‘dicite
764 1969 835 2027 ecce
859 1955 928 2016 ante
950 1951 1054 2034 ipsum
1064 1955 1092 2030 Ρ,
1115 1971 1239 2034 respon·
1249 1942 1291 2006 27

121 2057 202 2124 detis
239 2059 309 2122 ‘uon
335 2057 481 2122 iniuriam
507 2057 641 2122 lecimus
669 2057 733 2135 sed,
766 2057 849 2139 quod
876 2056 915 2121 ad
942 2071 1067 2124 causam
1098 2059 1241 2140 pertinet,

120 2164 320 2240 intimamus3
344 2163 438 2229 etiam
461 2166 493 2226 et
514 2162 615 2245 ipsius
639 2163 777 2228 continet
797 2163 913 2248 legatio
930 2168 1041 2230 nostra
1063 2180 1237 2257 personam,

122 2273 154 2335 et
177 2269 433 2353 suggestionibus
456 2268 572 2334 nostris
591 2283 831 2352 praesensesse
853 2290 913 2335 non
935 2274 1059 2354 potest’.
1095 2273 1127 2337 et
1152 2272 1240 2337 nulla

120 2376 239 2440 ratione
271 2394 307 2440 eo
339 2379 500 2458 praesente
531 2375 648 2459 aliquid
680 2376 823 2461 allegetis
859 2376 915 2442 se'd
928 2443 930 2445 ,
945 2397 1076 2462 egresso,
1102 2378 1239 2444 ordinem

76 2504 103 2543 ιο
122 2480 326 2566 delegationis
349 2480 473 2547 exerite.

605 2571 684 2654 (llo
703 2571 753 2655 a.)

352 2695 424 2740 rnen
447 2695 600 2741 osrrrunr
623 2695 813 2747 smoumrun
835 2695 1005 2745 crusnsun.
1192 2751 1193 2755 Ἰ

165 2782 210 2848 Ut
227 2784 340 2850 sanctu
366 2782 502 2865 synodus
532 2780 769 2848 calcedonensis
793 2786 825 2846 et
847 2782 997 2865 epistolae
1020 2783 1122 2854 sancti,
1140 2791 1240 2867 papae

121 2887 233 2956 Leonis
256 2890 428 2953 seruentur.
456 2890 550 2970 atque
572 2888 834 2953 clementissimus
856 2888 1023 2971 imperator
1044 2889 1241 2956 consentiens

157 3097 173 3150 6
191 3095 289 3168 uidetis
311 3094 343 3161 Υ,
361 3110 428 3153 corr.
447 3093 474 3147 ο2
522 3095 538 3150 8
555 3094 682 3148 mandate
704 3091 736 3158 V,
754 3097 871 3150 correxi:
882 3095 1007 3151 <dicite>r
1025 3096 1155 3156 ,Mandata
1175 3097 1238 3152 Gar.

115 3183 181 3253 post
198 3183 274 3237 dedit
289 3185 462 3238 insereneet
521 3184 554 3238 »13
572 3184 710 3255 inopinate
730 3180 793 3239 Cer.
859 3185 892 3239 15
910 3201 1069 3255 exponamus
1088 3185 1152 3240 aad.
1174 3186 1238 3241 Car.

124 3273 156 3326 16
174 3289 267 3326 causes
284 3272 353 3328 Bar.
417 3265 449 3325 l'l
467 3288 579 3341 persons
602 3271 632 3336 V,
650 3287 717 3326 corr.
736 3271 798 3327 Car.
866 3273 900 3329 20
918 3274 1027 3344 exerite]
1045 3274 1180 3344 hucusque
1195 3276 1239 3330 in·

122 3361 237 3422 diculus.
260 3360 338 3416 cuius
358 3360 495 3430 exemplar
516 3360 653 3430 quoddam
675 3361 769 3431 tepetis
785 3363 1018 3430 proficiscentium
1035 3363 1070 3421 ao
1089 3360 1241 3420 Hormisdou

122 3449 254 3502 traditum
281 3466 336 3504 eece
360 3447 424 3518 spen
449 3449 507 3504 eins
521 3449 657 3504 ,docemur
681 3449 865 3525 inscriptione.
893 3457 992 3505 contra-
1014 3468 1084 3521 puae
1112 3458 1242 3516 secuntur

121 3537 246 3605 capitula
259 3538 430 3608 singularum
448 3553 598 3592 causarum
612 3540 678 3604 (116
696 3541 727 3608 a)
746 3544 814 3592 certe
830 3539 870 3592 sic
886 3539 989 3597 emines
1007 3540 1089 3610 iegati
1104 3552 1161 3594 non
1179 3540 1240 3595 ubs-

121 3625 241 3680 tuierunt
261 3642 350 3680 cecum
369 3625 640 3694 Cerretantinopolim
657 3625 738 3680 immo
760 3642 793 3680 ea
813 3642 895 3695 popa
917 3627 1103 3698 cormeripsrsee
1123 3630 1239 3695 uidetur,

120 3719 152 3767 ut
172 3730 304 3768 summam
326 3730 416 3770 eorum
438 3730 508 3784 quoe
532 3719 582 3768 aut
593 3730 646 3782 per
666 3714 817 3769 indiculum
837 3715 917 3780 iilum
936 3713 985 3776 nni
1001 3732 1053 3785 per
1070 3717 1242 3786 conloquium

121 3801 216 3871 ῑιραειζι
232 3802 405 3882 iniunxisset,
420 3803 452 3863 in
463 3816 551 3857 suurn
562 3819 643 3858 usum
659 3803 775 3869 breuiter
787 3804 1028 3872 comprehenderet.
1037 3805 1112 3874 quod
1127 3805 1170 3859 ita
1187 3823 1243 3861 eene

121 3895 148 3943 et
164 3905 193 3944 eo
211 3872 408 3959 comprobatur,
427 3891 500 3960 quod
522 3891 675 3946 Hormiedo
695 3907 726 3967 p.
747 3894 813 3956 520,
831 3893 873 3946 20
890 3891 956 3946 dicit
973 3909 1041 3962 qnae
1057 3893 1156 3963 legatis
1174 3897 1243 3959 (non

121 3977 238 4047 uobis)
230 3979 399 4041 iniunximus,
418 3986 444 4035 et
461 3986 521 4036 totu
540 3983 632 4050 fermo
653 3980 762 4035 dicendi
783 3971 863 4049 quasi
880 3979 1088 4034 adumbrante
1076 3997 1158 4050 enque
1173 3983 1244 4052 ipsis

120 4066 303 4134 capitulorum
314 4067 438 4122 exordiis
453 4069 530 4123 iustu
545 4069 738 4124 sententiarum
756 4069 900 4124 conexione
916 4074 1023 4123 carente
1057 4071 1091 4124 24
1104 4073 1185 4141 atque
1203 4071 1245 4132 V.

120 4159 205 4226 utque
224 4157 259 4222 (et
277 4156 339 4222 520,
359 4157 371 4210 l
392 4155 497 4224 debeat,
516 4158 576 4222 520,
595 4161 613 4212 4
630 4156 755 4226 debeant)
774 4157 852 4220 Bar,
869 4156 906 4223 ed
923 4172 990 4227 quae
1002 4156 1085 4212 Tiriei
1191 4160 1192 4164 ’
