2864 4620
520 253 639 312 rerum
667 241 704 292 41
731 239 930 295 uerborum
1233 248 1295 312 959

141 423 311 496 suffragatrix
346 425 501 481 intercessio
537 428 707 490 sanctimonii
812 429 1155 503 ’1444ήλ)19622;4444444
1169 434 1295 488 maiorem

176 503 339 582 pontificalis
357 515 432 586 61522
455 505 456 508 “
802 519 955 587 partemin
978 519 1061 573 seruis
1085 522 1191 573 constat
1212 519 1295 576 luisse
1318 562 1321 572 .,

143 602 297 678 suffragium
316 604 355 675 722
373 603 449 676 35322
468 604 542 676 36422
562 610 607 659 etc.
802 606 871 678 7522;
905 605 970 675 quid
1001 607 1069 660 enim
1092 607 1166 672 'iecit
1195 606 1294 662 domini

145 691 271 760 suffrago:
286 694 318 745 nt
332 690 461 745 diuinitas
475 696 620 761 augmenta
634 693 704 746 salu·
801 693 954 761 praesentia
975 694 1028 747 4141
1051 697 1083 746 41
1098 694 1159 749 istis
1177 689 1294 763 negotiis

174 781 245 833 turia
270 783 376 834 4441444
397 766 473 834 uitae
498 780 642 849 suffragare
665 780 705 834 di·
800 779 917 848 illorum,
949 781 995 850 qui
1031 782 1173 835 ueritatem
1209 784 1294 836 carnis

175 872 273 936 gnetur
291 867 352 940 6582
498 878 500 880 ’
801 868 858 922 4144
887 868 1012 937 negaturi
1043 871 1127 933 eraut,
1164 870 1294 924 seniorem

146 955 296 1024 suffugium:
328 957 464 1010 Romanae
491 957 618 1011 ecclesiae
648 957 703 1016 suf·
801 953 902 1010 laceret
925 960 1041 1010 aetatem
1067 957 1210 1012 curationis
1235 974 1293 1013 esse

174 1044 278 1114 logium
296 1048 475 1114 poposcerunt
493 1046 567 1117 44922
802 1060 880 1113 quam
898 1039 1035 1100 uulneris?
1054 1047 1128 1118 51222
1193 1065 1199 1074 ·

145 1132 276 1186 suffultus:
298 1149 314 1185 a
332 1132 432 1202 synodo
452 1149 519 1202 quae
532 1132 646 1191 ...fidei
660 1149 703 1187 ca·
731 1148 844 1186 summa:
858 1136 999 1203 postquam
1012 1134 1101 1187 anima
1113 1135 1223 1189 summis
1237 1135 1292 1190 suis

166 1220 293 1275 ‚tholicae
307 1225 380 1275 esset
392 1221 704 1280 communionesublnlta
765 1220 887 1274 subiecta
905 1237 959 1274 non
977 1221 1099 1275 constitit
1115 1223 1191 1294 43322

175 1301 262 1381 15122,
304 1311 503 1380 metropolitani
544 1309 702 1365 auctoritate
730 1306 882 1360 summatim
899 1306 964 1369 licet
983 1309 1135 1376 exponimus
1157 1310 1212 1382 1922

174 1397 241 1467 (iure
264 1397 350 1469 376221
373 1397 498 1452 suffultus
521 1399 595 1470 33322
618 1398 701 1470 37622,
730 1394 881 1447 summitas:
909 1393 1024 1464 desuper
1050 1412 1066 1448 a
1092 1397 1305 1452 summitatibus-

173 1486 231 1539 eius
263 1485 447 1539 familiaritate
479 1487 603 1540 suffultus
630 1487 701 1558 3912.
724 1472 726 1479 ’
763 1483 894 1536 montium
913 1483 986 1555 7532ο

173 1574 406 1642 snae.potestatis
423 1573 559 1642 legatione
578 1573 702 1626 suffultus
729 1587 934 1625 summnrmuro:
961 1571 1033 1641 quod
1057 1573 1154 1628 misera
1181 1578 1294 1640 conterre·

171 1662 237 1734 4792
763 1658 836 1712 11444
855 1659 1070 1712 snbrrrurmurant
1087 1660 1149 1732 3692

130 1765 252 1819 suggero
264 1753 307 1816 (=
316 1737 490 1819 communico)
499 1750 585 1803 alicui
595 1750 702 1818 aliquid
728 1763 817 1815 super:
838 1747 908 1816 quod
926 1764 1005 1817 super
1023 1765 1126 1802 omnem
1148 1750 1290 1804 humanam

170 1838 320 1910 79221502,
346 1837 453 1907 aliquid
476 1839 559 1910 35322,
578 1843 701 1906 sequente
763 1834 942 1903 eloquentiam
966 1836 1083 1908 441322.
1108 1867 1141 1876 -
1165 1854 1244 1907 super
1261 1837 1292 1891 id

171 1943 227 1980 444.
246 1941 268 1980 4.
286 1926 338 1994 inf.
360 1926 442 1998 11022.
461 1957 494 1966 -
512 1927 622 1994 saepius
762 1922 835 1992 quod
852 1947 886 1970 =
900 1931 1093 1993 praeterquam
1106 1926 1180 1994 quod
1191 1928 1237 1999 612

132 2015 274 2084 suggestio
294 2015 368 2086 13122
389 2015 461 2086 14622
483 2014 540 2086 1482
562 2015 637 2086 22422
651 2020 698 2068 414.
726 2011 892 2081 superadicio
911 2012 974 2084 3532

134 2120 205 2156 snm:
726 2099 915 2168 superaedifico
934 2101 996 2172 5802

170 2195 223 2245 est:
251 2192 279 2244 14
306 2191 412 2244 14444441
438 2191 603 2244 subscribere
636 2191 698 2244 dae·
725 2187 849 2256 superbio
868 2188 900 2241 dc
919 2188 1016 2256 aliqua
1032 2205 1061 2243 re
1077 2189 1152 2261 40722

183 2316 186 2321 -
204 2280 301 2333 moniis
320 2279 466 2333 sacrificare
480 2282 527 2332 -est
547 2280 599 2351 142,
618 2295 696 2333 cano·
725 2277 951 2346 supereminentia
968 2278 1025 2349 3122

203 2383 250 2420 444
274 2367 376 2420 4414444
399 2367 427 2419 14
450 2367 608 2434 religionem
627 2383 697 2420 com·
725 2366 856 2434 superflue
875 2368 930 2438 6122
950 2367 1025 2438 66722

203 2456 312 2508 mittere
331 2459 374 2508 441
392 2455 475 2526 51822,
494 2455 589 2512 horum
607 2454 697 2509 studia
725 2456 883 2525 superfluus:
909 2455 955 2524 qui
976 2456 1054 2509 nonis
1078 2451 1286 2525 quaestiunculis

203 2543 347 2612 neglegere
364 2543 394 2596 id
412 2547 454 2596 est
472 2542 499 2595 in
518 2543 578 2612 ipsa
596 2543 697 2596 domini
759 2543 892 2611 superflua
904 2559 1026 2612 uanaque
1036 2542 1195 2597 concinnant
1204 2543 1287 2616 22822,

203 2630 370 2685 confessione
394 2630 548 2700 delinquere
573 2631 643 2704 5302.
663 2662 696 2672 -
760 2630 891 2700 superflua
909 2634 1091 2685 concertantes
1110 2632 1183 2704 71622

204 2722 246 2772 441
266 2744 299 2765 =
319 2716 395 2782 ἔστιν,
421 2715 528 2780 itteris:
556 2735 605 2772 nec
627 2720 697 2772 enim
724 2719 938 2791 superhumerale
949 2722 1048 2772 Aaron
1058 2719 1198 2788 pentaptota
1208 2721 1284 2792 ,74422

204 2809 261 2861 sine
288 2823 401 2877 persona
427 2810 469 2861 441
495 2806 695 2861 subsistentiam
760 2809 835 2879 74522
854 2808 915 2879 7502
934 2816 960 2861 41
980 2808 1089 2876 saepius
1110 2808 1142 2861 in
1163 2824 1203 2876 ep.
1226 2811 1287 2862 244

204 2895 292 2957 dicere
323 2896 408 2967 26422,
435 2896 543 2950 fratrem
572 2913 587 2949 a
614 2896 697 2950 fratre
724 2895 913 2965 superinduco:
933 2911 1010 2964 quem
1026 2912 1088 2965 ergo
1103 2896 1285 2966 superinduois

203 2983 325 3038 adiuuari
347 2983 505 3054 spiritaliter
528 3001 615 3038 muros
639 3001 696 3038 esse
759 2976 908 3038 crucifixum
917 2986 1025 3052 propter
1038 2999 1087 3036 444
1099 2986 1193 3053 postea
1204 2985 1285 3056 19022,

202 3070 423 3142 inexpugnabiles
436 3088 467 3126 ex
482 3072 579 3126 diuinis
594 3075 635 3126 441
654 3090 696 3127 ac·
759 3071 966 3141 quaternitatem
975 3071 1211 3140 superinducentes
1221 3073 1283 3144 2042

204 3160 292 3230 cipere
319 3161 458 3231 scripturis
487 3162 568 3234 71222.
597 3192 630 3201 -
655 3165 697 3216 441
723 3159 883 3231 superiordc
897 3166 1024 3229 tempere:
1038 3160 1152 3215 salubris
1166 3161 1285 3231 superior
1376 3209 1378 3212 .

203 3265 225 3304 4.
251 3249 308 3303 dot.
333 3265 355 3303 c.
374 3249 477 3318 iffa:
503 3254 544 3305 est
570 3252 696 3305 inuocato
759 3249 823 3302 ordo
841 3249 977 3318 praecepti
995 3249 1040 3319 772

203 3337 408 3393 clementissimo
418 3339 630 3408 imperatorihoc
639 3357 696 3394 cor·
723 3338 844 3408 superius
872 3337 904 3391 de
931 3343 1045 3405 tempore
1072 3361 1105 3383 ==
1128 3336 1209 3404 priua
1226 3335 1282 3406 6522

201 3428 288 3496 rigere
307 3429 370 3498 6752
433 3437 435 3443 “
593 3476 594 3479 ,
759 3427 832 3498 10922

167 3515 299 3578 4414414,
319 3515 437 3569 babeant
454 3532 547 3585 pacem
571 3533 630 3571 cum
653 3519 695 3571 iu·
722 3516 845 3584 supinus:
869 3514 1048 3583 apparitorum
1068 3512 1162 3582 supina
1181 3509 1283 3565 desidia

202 3602 326 3656 fidelibus
350 3604 481 3672 (sequitur
498 3604 595 3659 47414474
612 3606 694 3660 inter·
757 3604 810 3675 572

158 3744 160 3747 .
201 3693 318 3761 repertio)
337 3694 394 3764 2122
401 3714 408 3756 ;
428 3691 476 3746 sed
494 3697 559 3758 4414,
573 3695 625 3748 4151
639 3712 694 3749 am·
722 3693 878 3763 supplanto:
910 3707 944 3744 ne
976 3690 1008 3744 ab
1039 3688 1193 3744 haeresibus
1220 3687 1282 3742 sub·

201 3780 271 3850 plius
290 3780 391 3849 aliquid
404 3783 611 3851 praesumpserit
624 3783 693 3856 8622;
757 3779 885 3850 plantaria
905 3779 978 3851 19822

202 3868 249 3921 sed
271 3872 337 3934 esto,
356 3868 504 3924 Calendion
527 3871 694 3941 imperatoris
721 3869 855 3940 supplico:
883 3868 954 3939 apud
982 3869 1097 3938 aliquem
1123 3867 1281 3937 41...3722.

200 3973 296 4010 nomen
315 3957 458 4011 abstulerit
476 3959 547 4030 3992.
754 3963 878 4026 sequente
896 3974 950 4012 acc.
969 3974 990 4011 c.
1009 3956 1281 4029 14471022-444

165 4045 266 4098 aars'a:
293 4045 339 4114 qni
365 4045 470 4100 iuturus
498 4050 540 4100 est
565 4046 693 4103 redimere
755 4046 841 4116 plicor
864 4070 898 4092 =
922 4045 1060 4114 supplico:
1084 4043 1116 4097 de
1139 4043 1181 4097 bis
1203 4042 1281 4096 nobis

200 4133 303 4187 lsrahel
322 4132 347 4202 (ὁ
365 4131 466 4203 μέλλων
480 4132 639 4205 λυτροῦσθαι
650 4137 693 4189 τὸν
715 4173 718 4187 .
755 4137 938 4207 supplicentur
959 4135 1091 4189 Iohannes
1115 4137 1143 4188 et
1160 4133 1281 4187 Heracli·

156 4259 237 4299 XXXV
250 4269 302 4308 pars
316 4262 336 4301 2.
705 4268 707 4272 ⁴
1213 4239 1245 4292 tl
