2864 4620
382 310 467 381 apsa.
486 309 630 365 ccxxxn
646 312 664 364 r
683 341 716 351 -
735 308 891 367 ccxxxrr·
906 313 931 366 a.
969 271 970 274 Ὺ
1147 315 1210 379 703

81 523 195 570 omnes
210 505 375 569 memorias
389 508 583 569 mortuomm
599 504 718 570 iudicat
732 506 982 585 contemnendas,
996 509 1033 571 ut
1046 506 1209 591 indignum

86 612 239 676 habeatur
261 615 293 676 et
314 611 532 694 incongruum,
556 611 583 674 si
605 629 665 674 non
688 611 840 692 placidior
862 612 1005 677 omnibus
1028 632 1087 677 non
1107 613 1210 678 solum

88 717 244 781 defunctis
272 715 328 779 sed
355 715 450 779 etiam
477 715 700 796 superstitibus
727 719 835 780 uestra
862 712 1044 800 diuulgetur
1069 716 1210 781 inomni

86 822 148 887 fine
174 826 328 886 terrarum
353 821 477 905 lenitas.
508 825 539 886 et
565 820 624 886 hoc
652 821 778 903 quidem
804 841 865 887 non
894 822 1142 888 dubitauerimus
1165 822 1210 887 ita
1233 821 1251 884 7

50 952 67 990 a
91 927 263 1011 gratiosum
289 926 380 991 uobis
408 927 559 1002 futurum,
586 929 624 991 ut
644 927 773 1009 pacifico
798 929 905 1014 statim
926 947 1075 1012 responso
1097 929 1209 1008 laetior

89 1033 225 1098 mundus
248 1031 405 1097 reddatur.
428 1032 541 1097 retinet
564 1035 667 1097 autem
687 1035 793 1097 uestra
811 1034 970 1111 sanctitas,
991 1034 1073 1116 quod
1092 1035 1210 1100 dudum

90 1138 274 1222 scripsimus
319 1157 354 1202 er
385 1137 511 1203 Oriente
544 1139 786 1221 supplicationes
819 1140 910 1205 nobis
943 1159 1011 1227 esse
1038 1140 1210 1219 destinatas

90 1245 285 1324 uoluntatem
316 1244 456 1325 ipsorum
488 1244 679 1334 continentes
713 1247 744 1309 et
775 1244 948 1323 arbitrium,
978 1246 1011 1311 in
1044 1265 1104 1328 quo
1137 1265 1210 1312 seso

91 1349 254 1414 duraturos
278 1347 447 1415 ostendunt
468 1348 599 1414 firmiter
621 1352 653 1414 et
676 1369 737 1432 quo
757 1350 844 1415 nulla
859 1352 978 1416 rationo
997 1351 1210 1421 desistendum
1249 1388 1251 1392 ·

40 1482 70 1520 ιο
91 1455 268 1519 aestimant.
300 1455 379 1519 hanc
410 1455 516 1537 itaque
549 1455 701 1520 cartulam
727 1457 898 1521 secuudum
925 1459 1033 1522 nostra
1057 1458 1211 1542 promissa
1233 1456 1253 1518 8

58 1640 60 1644 Ι
90 1580 145 1642 per
168 1561 341 1626 iohannem
366 1552 471 1626 uirum
498 1561 788 1632 reuerentissimum
811 1563 994 1645 episcopum
1017 1563 1209 1647 dirigendam

90 1667 182 1734 uobis
205 1667 237 1731 in
260 1667 416 1750 praesenti
438 1667 549 1732 merito
574 1667 772 1746 credidimus,
796 1670 834 1733 ut
856 1687 873 1731 a
895 1672 1002 1733 uestra
1023 1668 1097 1734 sede
1117 1669 1210 1734 etiam

90 1775 179 1850 tenor
214 1772 281 1837 eius
318 1772 489 1838 admissus·
507 1774 544 1838 ad
576 1772 765 1856 colligendas
792 1773 939 1856 proficiat
964 1777 1002 1838 ¹et
1031 1774 1210 1843 adunandas

93 1879 210 1961 ubique
236 1879 428 1946 uenerabiles
457 1879 604 1944 ecclesias
633 1883 665 1944 et
689 1879 1004 1963 Hierosolymitanam
1034 1879 1209 1964 praecipue,

46 2011 75 2051 rs
94 1984 146 2048 oui
167 1986 289 2048 tantum
315 2005 421 2051 omnes
444 1985 582 2050 fauorem
605 1986 790 2068 impendunt
812 1985 901 2068 quasi
923 1985 1016 2050 matri
1042 1985 1210 2052 Christiani

93 2089 237 2168 nominis,
265 2092 302 2155 ut
327 2110 417 2156 nemo
446 2090 560 2155 audeat
587 2091 625 2178 ab
653 2109 690 2155 ea
717 2110 787 2156 sese
814 2091 997 2156 disoemare.
1025 2110 1210 2166 consensum
1233 2090 1252 2153 9

45 2226 48 2230 ‡
92 2189 198 2276 itaque
219 2197 379 2279 proprium
402 2200 489 2261 tuam
512 2197 752 2262 sanctitudinem
775 2197 935 2279 epistolari
957 2216 1080 2279 quoque
1098 2192 1221 2282 pagina
1302 2213 1305 2218 ·

93 2302 239 2366 conuenit
277 2303 442 2381 declarare,
480 2305 520 2367 -ut
560 2304 697 2387 cognito,
726 2303 870 2367 omnihus
916 2305 1009 2385 atque
1053 2303 1209 2385 patefacto

91 2408 231 2471 tenorem
258 2407 398 2473 eiusdem
426 2409 563 2474 cartulae
591 2429 608 2473 a
635 2408 726 2473 uobis
750 2409 843 2472 etiam
861 2408 986 2472 laudari
1009 2410 1040 2472 et
1061 2409 1212 2473 tenaciter

43 2547 74 2586 ,ο
92 2506 245 2576 custodiri
265 2513 376 2577 laetior
397 2515 532 2579 mundus
552 2514 673 2579 existat.
719 2515 799 2580 Data
812 2514 852 2578 V.
865 2513 911 2579 Id.
928 2513 1100 2596 septembr.
1121 2513 1210 2579 ohel-

92 2617 158 2681 ced.
182 2617 325 2684 Rusticio
349 2637 433 2684 cons.
456 2621 594 2701 Accepta
615 2620 694 2702 prid.
717 2620 789 2685 Kal.
813 2620 894 2686 Dea
913 2637 996 2684 eous.
1021 2638 1063 2684 ss.
1152 2647 1155 2653 ·

577 2812 655 2894 (aaa
679 2811 725 2895 a.)

498 2935 657 2981 amaruan
677 2936 806 2983 Pascua.

134 3056 193 3100 nno
226 3024 355 3102 massar
384 3058 427 3102 ao
460 3058 590 3104 rrrssuro
623 3057 807 3103 rmaaaroru
839 3059 878 3104 nr
907 3059 968 3103 nno
1001 3057 1139 3104 annuero
1171 3058 1211 3102 ur

36 3143 227 3218 „amnem
256 3159 378 3208 rusrruo
413 3163 676 3209 camsrraurssmo
708 3163 903 3209 narnncarro
934 3164 974 3208 aa
1011 3156 1212 3210 surrnrcarro'
1261 3199 1263 3202 .

85 3267 130 3312 aa
170 3267 463 3315 maresonrmnams
504 3271 542 3314 aa
584 3269 790 3315 aurrocanms
822 3270 861 3314 nr
886 3247 1061 3315 sncunnan
1099 3269 1210 3314 suarna

88 3374 227 3434 ersmers
258 3375 297 3420 nr
329 3376 501 3436 annuamus
533 3377 572 3420 nr
603 3376 838 3422 nossessonraos
870 3350 1058 3421 nnoumeran
1088 3375 1210 3420 suman.

86 3461 257 3526 Haurite
285 3481 422 3542 aquam
451 3481 535 3526 cum
566 3463 732 3527 laetitia
764 3482 805 3527 ex
836 3453 1024 3535 fontibus
1059 3462 1254 3529 salutis2

177 3645 398 3718 ardeatina

124 3725 320 3824 ddeuulgetur
342 3755 368 3809 V
383 3760 408 3809 et
427 3757 544 3825 (eccepto
561 3756 601 3824 ld)
620 3757 654 3812 Η
739 3760 755 3813 5
777 3758 884 3820 leticlor
906 3736 931 3811 V
1016 3758 1033 3812 6
1055 3756 1155 3811 retinet
1176 3756 1211 3810 V:

83 3845 205 3898 retineat
221 3843 256 3897 H
336 3844 370 3898 14
386 3843 642 3899 hierosolimitanam
665 3846 692 3898 V
706 3851 731 3900 et
749 3862 838 3901 omnes
850 3845 911 3914 sere
929 3845 1006 3899 codd.
1024 3845 1059 3899 H
1122 3843 1156 3896 20
1173 3843 1212 3896 le-

84 3932 167 3987 ticior
188 3933 215 3985 V
282 3928 379 4002 septais·
399 3932 425 3986 V
456 3933 489 3987 21
509 3934 608 3987 rustico
626 3934 657 3988 H
675 3934 801 4005 (exceptis
818 3933 899 4002 hlhw)
961 3935 1002 3988 <u
1021 3941 1125 3992 c.>cos.
1148 3930 1211 3986 Gar.

84 4021 122 4075 23
150 4009 283 4091 exemplar
308 4022 351 4076 H:
382 4010 481 4077 arama
515 4023 541 4077 V
626 4024 660 4077 26
682 4023 920 4078 hierosolimitanis
947 4020 1016 4076 Vel
1040 4036 1130 4076 omnes
1151 4019 1214 4088 sere

84 4109 165 4163 codd.
187 4110 222 4165 H
263 4111 297 4164 27
315 4112 377 4182 sirie
399 4111 426 4165 V
468 4111 502 4166 28
520 4112 606 4182 aurite
631 4111 695 4165 Vct
705 4107 824 4181 plurimi
841 4110 919 4167 codd.
937 4109 970 4164 H
1022 4127 1090 4180 aqua
1109 4107 1211 4164 leitila¹⁰

83 4197 208 4285 fontibus
226 4199 269 4254 H:
288 4199 363 4254 fonte
386 4199 426 4253 V>

35 4377 50 4383 ⁷.
66 4285 68 4288 >
138 4322 219 4363 XXXV
232 4325 319 4370 parad.
488 4343 491 4348 ·
1108 4299 1143 4356 45
1216 4355 1220 4362 ,
