2902 4628
570 297 655 366 spru.
675 295 871 352 ccxxxxrnr
888 297 1000 354 ao-sc.
1283 299 1345 364 767

196 487 304 556 tioni
325 491 466 573 lapidum
483 493 714 574 congruentem.
733 490 810 554 haec
829 489 910 552 enim
929 488 1015 553 iuxta
1031 489 1186 572 principes
1205 489 1345 553 tribuum

196 595 267 660 ad
288 600 487 679 praeceptum
511 597 628 661 domini
651 599 775 662 constat
797 615 866 660 esse
888 598 1065 659 numerata:
1088 595 1120 658 in
1144 615 1206 677 qua
1226 595 1346 677 primns

121 707 126 711 ·
195 701 386 768 ordinatus
405 705 454 767 est
471 703 591 778 Ruben,
612 702 681 767 dein
702 701 862 774 (Simeon.
882 701 991 765 deinde
1009 701 1097 778 Iuda,
1113 700 1208 777 dein>
1220 700 1347 765 lsachar

194 808 329 890 etqui
349 814 512 887 secuntum
532 810 645 891 Ioseph
665 814 769 874 autem
789 807 924 872 secundo
943 810 1126 871 numeratus
1145 810 1203 884 est,
1221 809 1346 888 propter

137 919 160 958 ⁵
194 914 308 992 quod
330 915 467 997 Ephrem
489 916 521 979 in
545 935 605 981 nno
628 935 767 992 numero,
790 914 951 978 Manassen
974 913 1005 975 in
1028 912 1124 976 altero
1149 912 1191 976 sit
1212 914 1345 988 locatus,

196 1021 259 1084 et
284 1020 431 1102 quoniam
458 1021 535 1086 beui
561 1040 670 1085 rursus
694 1024 855 1102 exemptus
878 1023 936 1097 est,
960 1018 1142 1100 neqnlnimn
1182 1039 1345 1084 numerum

196 1128 369 1207 coaptare
405 1127 563 1210 lapidibus
601 1129 726 1210 propter
761 1126 1010 1191 immutationem
1046 1125 1124 1190 Leui
1160 1129 1191 1190 et
1221 1129 1347 1209 propter

199 1230 430 1297 adiectionem
470 1234 564 1298 unius
604 1233 715 1311 tribus,
752 1251 830 1314 quae
867 1232 898 1296 in
934 1232 1056 1296 duabus
1091 1232 1241 1314 probatur
1276 1250 1345 1296 esse

203 1332 337 1404 diuisa.

133 1451 175 1490 1⁰
268 1443 348 1507 Dein
376 1447 519 1511 octauam
548 1445 734 1510 diuisionem
763 1445 800 1509 de
831 1445 911 1509 libro
942 1446 1151 1510 Numerorum
1182 1445 1347 1527 diligenter
1357 1445 1399 1508 84

204 1542 425 1630 inspeximus,
462 1551 517 1614 ubi
552 1551 711 1632 praecepit
746 1551 823 1616 deus
858 1554 890 1617 et
924 1552 1012 1616 misit
1045 1553 1151 1617 Moses
1191 1551 1346 1634 principes

207 1652 364 1719 tribuum
390 1656 511 1720 Israhel
538 1656 577 1720 ad
603 1656 826 1740 inspiciendam
849 1661 963 1723 temam
984 1657 1212 1739 promissionis,
1237 1661 1268 1720 et
1290 1677 1345 1720 nec

207 1753 316 1824 istam
347 1762 539 1844 repperimus
573 1762 612 1825 ad
643 1763 901 1844 compositionem
933 1766 1176 1828 memoratorum
1206 1763 1346 1845 lapidum

208 1871 455 1945 consonantem,
478 1872 604 1951 propter
627 1869 711 1950 quod
733 1873 766 1933 et
782 1869 892 1933 Ruben
909 1869 941 1932 in
960 1870 1068 1952 primis
1087 1874 1268 1933 numeratus
1288 1872 1345 1947 est,

155 1979 177 2019 ¹⁵
211 1968 295 2036 dein
330 1973 465 2049 Simeon,
504 1974 614 2038 deinde
650 1975 755 2052 Iudas,
793 1975 861 2038 exin
893 1973 1020 2038 lsachar
1050 1978 1081 2040 et
1113 1975 1257 2056 deinceps
1293 1975 1346 2056 qui

208 2081 373 2142 secuntur
396 2081 427 2142 et
450 2099 603 2161 nusquam
626 2079 704 2143 Leui
726 2079 843 2143 mentio
866 2079 949 2144 facta
972 2084 1030 2144 est.

268 2183 474 2247 Transeuntes
486 2184 584 2267 igitur
598 2184 636 2248 ad
646 2199 758 2247 nonam
768 2184 954 2250 diuisionem
964 2188 996 2249 et
1003 2186 1105 2268 ipsam
1115 2185 1344 2268 conspeximus,
1355 2189 1397 2252 85

211 2305 302 2370 quae
329 2288 412 2352 lacta
441 2293 489 2354 est
512 2309 547 2353 er
569 2294 735 2373 praecepto
759 2289 885 2368 domini,
909 2290 993 2356 sicut
1013 2292 1045 2355 in
1067 2292 1146 2357 libro
1170 2291 1346 2357 continetur

207 2387 442 2472 Nummorum,
472 2395 592 2477 quando
620 2396 711 2460 missi
739 2400 813 2462 sunt
839 2396 995 2479 principes
1022 2397 1172 2476 tribuum,
1200 2401 1236 2462 nt
1262 2401 1345 2462 sorte

134 2505 164 2546 ²⁰
215 2499 400 2568 diuiderent
434 2502 548 2564 terram
584 2501 802 2584 promissionis
838 2501 913 2566 filiis
947 2503 1055 2582 Israel,
1092 2506 1125 2570 et
1158 2522 1216 2568 nec
1250 2503 1345 2567 istam

213 2607 369 2672 similiter
414 2607 452 2670 ad
498 2607 753 2688 consequentiam
796 2608 938 2690 lapidum
983 2612 1126 2691 coaptare
1175 2609 1344 2674 ualuimus.

210 2709 415 2778 inuenientes
439 2713 521 2777 enim
543 2713 655 2777 Iudam
677 2714 758 2789 (in)
783 2714 892 2796 primis
910 2709 1060 2796 positum,
1079 2714 1150 2779 dein
1169 2715 1346 2780 Simeonem

216 2821 254 2880 et
283 2821 394 2901 postea
423 2818 595 2896 Beniamin,
628 2819 695 2883 Dan
728 2840 852 2902 quoque
885 2822 918 2883 et
948 2821 1114 2890 Manassen
1141 2840 1197 2886 nec
1225 2840 1286 2885 non
1314 2824 1346 2885 et

216 2920 357 3005 Ephrem
372 2927 404 2989 et
417 2925 554 2989 Zabulon
571 2928 602 2990 et
621 2926 765 3009 deinceps
784 2927 920 3004 lsachar,
940 2927 1008 2992 exin
1026 2927 1106 2991 Aser
1124 2930 1157 2991 et
1172 2927 1345 2992 nouissime

123 3034 159 3074 ²⁵
218 3026 392 3112 Neptalim,
407 3034 439 3096 et
452 3050 561 3095 rursus
581 3032 697 3096 tribum
714 3032 792 3097 Leni
808 3033 995 3115 reperientes
1015 3032 1163 3098 omissam
1182 3040 1214 3098 et
1230 3033 1345 3116 Ioseph

226 3135 389 3220 dupliciter
416 3142 630 3203 enumeratum
657 3138 688 3201 in
715 3138 852 3220 Ephrem
880 3142 911 3203 et
936 3139 1124 3217 Manassem,
1149 3141 1227 3204 hanc
1250 3139 1398 3208 etiamad

225 3242 487 3322 praetermisimus
513 3247 544 3307 et
566 3243 597 3308 in
622 3244 774 3308 decimam
798 3244 985 3309 diuisionem
1007 3244 1211 3310 intentionem
1229 3245 1345 3309 mentis

225 3349 430 3414 ammouimns
446 3369 501 3413 nec
511 3349 612 3433 ipsam
623 3350 783 3431 quiuimus
793 3350 932 3414 inuenire
941 3350 1098 3432 lapidibus
1109 3354 1343 3428 consonantem3

225 3455 335 3518 etenim
377 3455 498 3536 quando
539 3455 696 3521 benedixit
735 3457 840 3521 Moses
880 3456 954 3521 filiis
995 3457 1114 3522 Israhel
1153 3475 1343 3540 praeponens

129 3559 189 3610 ³0
225 3557 383 3624 Beniamin
404 3564 548 3642 quartum
567 3565 639 3644 post
657 3562 744 3641 Leni,
759 3563 830 3626 dein
844 3563 968 3645 Ioseph,
983 3566 1015 3628 et
1029 3564 1174 3645 quoniam
1190 3563 1343 3628 Simeonis

254 3828 270 3880 3
289 3828 398 3882 Simeon
417 3828 513 3883 deinde
526 3829 594 3883 Inda
608 3829 669 3884 dein
683 3830 794 3893 inserui,
810 3829 877 3902 Μ
893 3833 931 3884 62
974 3830 1125 3901 6quoniam
1139 3831 1177 3885 V:
1187 3848 1246 3884 cum
1258 3831 1342 3901 Fopp.

224 3915 253 3968 18
271 3917 393 3969 continet
416 3915 446 3979 V,
466 3933 533 3971 corr.
548 3918 631 3988 Fopy.
667 3919 702 3972 22
713 3918 771 3971 <in>
787 3919 879 3989 primis
892 3919 990 3986 smirci
1000 3919 1045 3988 (cf.
1059 3935 1145 3987 sopra
1155 3937 1184 3987 p.
1202 3922 1268 3980 767,
1281 3923 1342 3988 rh:

224 4003 310 4070 primis
325 4001 357 4067 V,
372 4002 486 4071 primum
494 4003 577 4073 Fopp.
614 4007 647 4059 25
657 4005 778 4076 neptalin
792 4006 819 4060 V
868 4007 1048 4076 repperientes
1063 4006 1089 4060 V
1138 4006 1236 4076 Ioseph
1245 4006 1344 4077 Foen-

222 4090 246 4144 in
263 4089 408 4161 iosephV
467 4092 501 4145 28
520 4093 711 4147 ammonuimus
735 4093 766 4159 V,
785 4111 852 4150 corr.
871 4095 953 4164 Fopp.
1016 4096 1167 4150 steterim
1185 4094 1283 4164 Foppr
1303 4100 1345 4151 est

223 4180 288 4232 enim
311 4178 339 4233 V
407 4180 440 4233 29
459 4197 608 4250 proponens
626 4181 710 4252 Fopp.
765 4183 943 4254 aequoniam
965 4184 1078 4239 Vrcum
1095 4183 1178 4254 Fopp.

267 4303 349 4343 xxxv
363 4310 416 4351 par·
430 4303 450 4342 a
1238 4291 1272 4344 49
