2902 4628
180 289 244 353 640
355 285 487 339 Iohannes
507 284 664 355 Opolitanns
682 284 852 351 Hormisdae;
872 285 1009 356 suggestio
1027 285 1179 356 legatorum

178 625 335 670 nxnnPnnn
367 624 549 670 nunanloms
581 623 730 669 IOHANNIS
761 622 903 670 arlacum
932 622 1305 668 consunnnlnol‘cnlnnul.

222 748 337 794 oonruo
365 748 424 793 nno
451 748 511 792 sna
538 747 634 792 orum
661 747 788 792 nussim
816 746 876 792 oso
906 745 1168 802 sencrrssrnoonn
1191 746 1306 791 oneror

178 857 217 901 nn
246 854 523 900 conurursnmronr
549 853 722 899 noenrsons
754 853 911 898 resonans
943 853 978 897 ru
1008 853 1122 898 oomuc
1155 853 1303 898 senonen.

178 935 331 1012 Paulinus
354 942 403 1005 uir
424 942 575 1007 honestus
600 940 752 1018 defensor,
778 939 831 1022 qui
853 941 991 1004 uestram
1010 940 1119 1004 retulit
1137 940 1304 1020 epistolam
1339 988 1341 999 .

177 1050 363 1130 uestraeque
391 1046 568 1113 sanctitatis
595 1047 730 1112 uirtutes
757 1046 787 1109 in
820 1064 853 1110 sc
886 1046 1052 1110 ostendens
1085 1065 1157 1111 cum
1189 1046 1303 1130 gaudio

177 1153 342 1234 nobiscum
381 1155 594 1224 condensatus.
632 1172 720 1217 suam
753 1152 1046 1228 solli<ei>tudinem
1084 1151 1303 1217 communibus

178 1259 317 1324 consiliis
341 1259 525 1341 actibusque
549 1258 691 1322 contulit.
716 1257 771 1321 sed
796 1257 940 1340 quoniam
965 1256 1004 1321 ad
1027 1277 1084 1322 uos
1103 1257 1303 1322 festinantem

178 1385 239 1430 non
264 1364 426 1446 oportebat
449 1384 521 1429 eum
543 1363 707 1446 prolixiore
730 1366 869 1446 tempore
891 1364 1049 1441 remorari,
1072 1363 1204 1445 ideoque
1228 1363 1301 1427 reoi-

176 1470 279 1552 piocis
300 1470 510 1551 'alloquentes
546 1471 684 1533 uestram
727 1468 924 1533 sanctitatem
964 1469 1087 1554 protegi
1126 1469 1302 1552 praelatum
1317 1491 1340 1531 ro

176 1576 280 1640 uirum
310 1579 342 1640 et
367 1576 465 1640 uestri
489 1575 618 1660 dignum
642 1573 755 1640 amoris
778 1574 902 1639 fidelem
925 1594 1051 1639 seruum
1076 1574 1301 1642 subsistentem

134 1687 153 1747 2
178 1682 443 1747 commendamus.
472 1682 532 1748 erit
558 1685 663 1747 autem
692 1681 728 1746 de
756 1681 816 1759 his,
846 1700 925 1763 quae
952 1681 1086 1746 anobis
1115 1684 1205 1764 gesta
1228 1683 1302 1746 sunt

176 1808 230 1870 pro
268 1791 373 1853 uestro
410 1787 522 1865 animo,
560 1791 592 1852 et
628 1788 709 1852 circa
741 1789 865 1852 sanctas
898 1787 1045 1851 ecclesias
1078 1787 1300 1864 sollicitudine,

177 1914 271 1978 quam
298 1894 436 1978 gerimus
463 1893 640 1978 uigilanter5
668 1892 759 1958 uobis
788 1892 901 1976 dignus
929 1892 1001 1957 fidei
1032 1895 1198 1958 enarrator.
1230 1911 1301 1955 nam

176 2020 232 2084 nos
269 1999 460 2065 orationibus
496 2002 620 2064 uestrae
652 1998 828 2064 sanct'tatis
862 2002 893 2064 et
924 2000 1097 2063 naturalem
1127 1998 1300 2063 bonitatem
1320 2018 1341 2059 a

175 2105 270 2170 huius
297 2105 342 2169 rei
368 2103 572 2187 respicientes
599 2103 880 2188 uigilantissimum
913 2104 1063 2169 habemus
1096 2104 1238 2168 studium
1270 2104 1302 2165 et

177 2211 233 2276 deo
267 2214 452 2297 cooperante
482 2211 514 2274 in
545 2209 690 2292 plurimis
722 2210 853 2275 uerbum
884 2211 1001 2295 gratiae
1029 2209 1205 2275 discurrens
1234 2207 1302 2272 sine

132 2322 151 2384 3
176 2317 281 2398 aliqua
303 2315 489 2381 obsistentia
511 2314 550 2379 ad
573 2314 719 2379 effectum
741 2317 880 2389 nostram
904 2315 990 2380 ducit
1011 2315 1225 2381 intentionem.
1246 2313 1302 2378 sed

176 2421 248 2503 quie
275 2421 476 2487 difficultates
503 2420 626 2502 aliquae
654 2426 863 2499 accesserunt,
892 2420 1112 2506 gubernatione
1135 2419 1245 2502 utique
1270 2418 1303 2484 et

173 2526 243 2590 miti
267 2526 472 2611 dispositione
496 2545 541 2604 ea,
562 2545 641 2609 quae
660 2527 731 2591 hinc
752 2529 928 2605 mouentur,
948 2529 1070 2609 oportet
1088 2527 1302 2607 competenter
1320 2545 1341 2588 rr

175 2632 294 2714 exponi,
324 2632 408 2698 sicut
435 2634 466 2697 et
492 2634 599 2697 uestra
626 2633 789 2717 cognoscit
815 2652 909 2715 snper
940 2631 1044 2697 omnia
1075 2631 1236 2712 sanantes,
1260 2624 1314 2706 et,¹

175 2736 437 2819 quemadmodum
472 2740 595 2819 oportet
626 2757 690 2817 eos,
723 2738 777 2820 qui
809 2756 919 2822 greges
951 2737 1001 2803 dei
1032 2756 1159 2820 pascere
1196 2736 1302 2801 sortiti

175 2845 257 2919 sunt,
281 2843 429 2908 uniuersa
451 2843 489 2907 ad
513 2842 645 2926 gloriam
668 2843 719 2908 dei
741 2846 777 2910 et,
795 2862 886 2927 agera
910 2846 941 2908 et
958 2843 1062 2909 moliri
1079 2862 1168 2927 spem
1187 2842 1304 2907 salutis

209 3049 276 3106 184.
312 3049 380 3103 Dat.
401 3067 426 3105 a.
449 3051 507 3104 520
520 3050 569 3104 aab
583 3050 668 3119 finem
681 3050 779 3105 messia
792 3050 933 3118 Ioaaooa's',
946 3067 998 3120 per
1010 3051 1177 3117 Paulinum
1189 3065 1303 3118 respon·

173 3137 217 3192 'det
233 3136 400 3192 Hormisdce
418 3138 550 3206 epistulae
573 3138 683 3192 cuidam
702 3138 857 3208 deperditae
875 3141 959 3194 dolce
978 3140 1072 3207 (amal
1090 3117 1154 3196 mern
1168 3155 1225 3208 epp.
1245 3141 1302 3192 175

173 3232 198 3280 ct
214 3229 287 3294 227)
308 3226 351 3280 dic
371 3229 389 3279 3
406 3226 471 3280 Dec.
492 3243 517 3280 c.
540 3228 599 3283 519.
653 3226 726 3283 an.
745 3226 801 3280 Gar
826 3225 857 3280 Ρ
869 3230 940 3296 552;
961 3228 1067 3282 Collect.
1089 3228 1205 3295 Goactl.,·
1224 3227 1304 3282 Tbe'el

174 3315 239 3368 985.
311 3315 327 3368 2
347 3313 473 3369 Iohannis
493 3332 521 3369 a:
547 3315 691 3386 Epiphanii
713 3314 789 3381 Gar.,·
808 3316 843 3384 cs.
862 3332 904 3378 eo,
923 3333 992 3384 quoe
1014 3317 1146 3385 epistulae
1164 3319 1220 3372 183
1237 3299 1305 3371 aab:

171 3403 277 3466 notaui,
298 3408 322 3456 ct
339 3403 467 3473 Bettrdpe
478 3420 509 3472 p.
530 3407 564 3458 41
581 3397 635 3472 sqq.
726 3406 742 3459 5
760 3405 802 3457 uir
819 3405 948 3510 honeptns
966 3402 1077 3474 scapos
1094 3420 1131 3462 nn
1150 3423 1174 3469 α,
1193 3410 1300 3462 uestrae

172 3518 243 3572 sedis
266 3520 338 3580 Car..
358 3518 519 3576 uenerabilis
541 3518 621 3572 uniet
683 3520 698 3574 7
717 3519 866 3588 nobiscum]
884 3515 937 3575 no'o
957 3539 976 3591 a
1044 3523 1108 3590 fort.
1129 3526 1301 3577 conuersatus

172 3605 244 3660 <est>
309 3605 507 3660 'sollitudinem
527 3625 551 3670 o,
571 3622 639 3661 corr.
658 3605 685 3677 p²
755 3609 901 3662 communis
919 3625 944 3673 a,
963 3592 1023 3664 dors
1052 3609 1116 3674 Car.
1193 3610 1265 3665 bad
1283 3630 1302 3662 α

171 3695 218 3748 aad
236 3701 252 3749 a
268 3695 300 3758 aba
316 3711 373 3749 ras.
427 3685 507 3765 9th
525 3714 543 3747 α
559 3695 608 3749 sed
624 3712 656 3764 pr
672 3696 704 3749 in
720 3711 775 3752 ras.
847 3686 908 3750 ido'o
931 3687 1014 3752 uniet
1067 3700 1099 3754 13
1118 3695 1298 3753 sollicitudine

171 3797 227 3836 roa.
246 3799 278 3848 ea
296 3783 477 3839 sollicitudine
496 3802 514 3836 α
586 3786 619 3838 14
638 3784 765 3855 uigilarer
783 3802 807 3849 α,
826 3787 945 3840 wrreai:
962 3786 1076 3857 uigilare
1094 3805 1108 3844 o
1187 3782 1266 3841 nobis
1286 3803 1301 3835 o

170 3873 326 3924 ennarrator
344 3889 361 3922 α
415 3873 448 3926 16
466 3871 596 3927 habemns
612 3873 726 3942 seipsi:
743 3873 924 3928 habentemu
979 3876 1011 3929 17
1030 3876 1065 3928 im
1086 3893 1102 3926 α
1153 3876 1184 3929 19
1204 3869 1309 3946 guber-⁸

171 3958 265 4012 nacine
285 3979 311 4023 α,
330 3975 399 4040 corr.
418 3960 475 4014 eod.
497 3961 616 4030 Aregelia.
685 3962 719 4015 20
736 3961 810 4015 mitti
829 3980 853 4026 α,
874 3978 941 4018 corr..
964 3964 1055 4019 Tbicl:
1073 3963 1183 4017 innitio
1255 3961 1300 4015 hie

173 4073 236 4129 Car.
318 4032 429 4144 cdpgtnr
447 4093 473 4138 α,
492 4091 592 4130 cmo
659 4077 1030 4143 circumstringens
1093 4080 1127 4133 22
1147 4092 1298 4147 quemamo-

170 4160 232 4214 dum
251 4180 269 4213 c
896 4155 899 4162 ’
1178 4165 1180 4167 ’
