2864 4620
210 277 274 340 534
436 271 579 325 Hormisda
591 271 703 326 Iohanni
717 271 904 342 Nicopolitano
923 288 982 326 cum
1000 272 1101 342 synodo

720 466 826 549 (reo.)

253 611 408 657 nonmsna
442 611 573 655 nonnum
606 610 754 655 nrrscoeo
792 609 1021 657 moononrnauo
1057 613 1116 656 cur
1148 613 1266 660 sruono
1299 617 1340 662 or

210 719 318 763 seren.
345 718 404 761 aen
426 716 768 761 1onauus1n1acouer
790 717 870 762 nius.
917 696 1116 781 Optaremus‚
1140 700 1341 767 dilectissimi

209 807 330 883 frames,
359 806 397 868 ab
426 804 570 868 omnibus
598 823 657 868 uos
685 804 901 869 molestiarum
925 805 1073 870 fluctibus
1097 805 1215 870 alienos
1238 807 1339 872 uitam

210 912 268 976 sub
296 910 535 992 tranquillitatis
563 909 731 974 securitate
758 910 931 994 transigere
955 913 988 975 et
1010 911 1067 975 deo
1090 915 1196 977 nostro
1218 917 1341 978 remota
1373 935 1388 974 a

209 1018 435 1081 mundanamm
457 1020 683 1100 tempestatum
706 1017 820 1081 mentis
842 1017 1074 1099 perturbatione
1096 1056 1138 1086 n
1161 1025 1339 1096 mouerunt,

166 1129 185 1191 2
210 1124 283 1206 quia
306 1143 384 1204 qnae
406 1123 473 1188 fieri
495 1123 653 1200 nolumus,
676 1141 803 1187 necesse
827 1126 885 1199 est,
909 1126 946 1187 ut
966 1123 1051 1188 iacta
1079 1123 1250 1189 doleamus.
1282 1125 1341 1188 sed

210 1229 348 1295 abundat
360 1229 496 1293 mumdus
510 1228 715 1294 incommodis
732 1231 765 1293 et
780 1228 1043 1310 temptationibus
1062 1231 1221 1295 saeculum
1241 1229 1340 1306 istud,

208 1335 241 1399 in
274 1355 335 1417 quo
368 1335 610 1418 peregrinamur,
639 1335 817 1416 expositum
845 1337 894 1398 est
921 1333 1057 1418 passim;
1090 1335 1180 1400 uelut
1208 1354 1340 1420 magnae

209 1442 309 1505 moles
336 1443 501 1505 uentorum
529 1439 685 1522 procellis,
709 1439 754 1503 ita
776 1439 917 1504 fidelium
939 1442 1060 1504 mentes
1084 1439 1247 1505 diabolicis
1269 1441 1341 1522 pul·
1360 1464 1388 1503 ao

210 1553 319 1622 santur
336 1546 461 1612 insidiis
481 1549 522 1623 et,
542 1545 626 1609 sicut
645 1545 762 1609 dictum
783 1548 842 1622 est,
862 1546 928 1627 qui
947 1546 1092 1611 uolunt
1113 1546 1176 1628 pie
1199 1545 1340 1612 ninere

167 1660 187 1721 3
209 1655 247 1718 in
272 1652 445 1725 Christo,
469 1651 797 1733 persecutionem
821 1652 1043 1733 patiuntur.
1082 1651 1138 1716 sed
1160 1652 1342 1717 consolatur

210 1779 281 1843 spes
310 1778 327 1823 a
354 1759 439 1822 iusto
466 1757 653 1821 retributore
680 1756 850 1839 promissa,
883 1757 957 1838 quia
987 1757 1130 1822 beatur
1163 1760 1238 1834 est,
1271 1758 1340 1840 qui
1385 1820 1387 1824 .

209 1886 282 1931 non
320 1864 448 1930 suerit
484 1863 789 1928 scandalizatus
821 1863 859 1927 in
891 1863 1058 1930 domino.
1104 1882 1165 1928 non
1202 1862 1342 1929 deiciant

208 1973 327 2038 milites
351 1972 402 2036 dei
428 1970 566 2052 impetus
592 1969 721 2054 fragiles
745 1973 777 2034 et
800 1969 919 2034 caduci.
957 1970 1012 2051 qui
1038 1968 1165 2034 adsistit
1191 1968 1340 2038 strenuis,
1359 1993 1387 2034 aa

209 2068 459 2144 non‘delectatur
472 2075 606 2160 ignauis.
625 2075 717 2140 facile
733 2079 974 2140 contemnuntur
990 2075 1053 2140 ista
1068 2094 1147 2157 quae
1164 2077 1340 2153 transeunt,

210 2185 237 2250 si
264 2185 319 2249 illa
346 2203 425 2267 quae
454 2186 528 2247 sunt
554 2200 701 2246 mansura
727 2183 913 2265 cogitentur.
952 2181 1169 2265 amplectenda
1195 2184 1244 2246 est
1268 2201 1340 2263 pro-

208 2291 344 2355 bationis
368 2288 502 2364 occasio,
527 2288 600 2370 quia
621 2287 698 2352 licet
720 2288 784 2352 sint
806 2288 883 2352 dura
906 2307 999 2353 onera
1019 2288 1174 2365 laborum,
1200 2288 1341 2370 praemia

165 2401 186 2464 4
209 2400 313 2471 tamen
329 2395 448 2460 maiora
464 2393 630 2458 uirtutum.
655 2393 917 2475 quemadmodum
935 2412 991 2477 par
1009 2392 1069 2457 crit
1085 2393 1340 2471 remunerationi,

211 2503 264 2585 qui
283 2521 316 2567 so
334 2503 487 2583 imparem
504 2503 658 2565 monstrat
676 2499 829 2564 examini?
847 2519 908 2564 non
927 2499 1027 2565 simus
1046 2517 1160 2584 segnes
1178 2499 1217 2562 ad
1233 2499 1340 2577 fortia,
1356 2523 1386 2563 eo

210 2609 238 2673 si
264 2607 426 2693 peruenire
450 2607 596 2688 cupimus
624 2605 662 2670 ad
689 2605 854 2688 promissa.
892 2605 962 2688 quis
990 2625 1084 2688 super
1110 2605 1170 2669 hoc
1197 2608 1342 2687 expectet

298 2863 328 2917 ll
349 2862 554 2928 aimoinus,
575 2864 607 2917 12
663 2863 695 2918 13
712 2862 810 2919 naeth.
831 2863 906 2928 11‚o

245 3021 308 3078 128.
362 3020 429 3074 Dat.
448 3021 544 3089 (mmnl
560 3038 620 3076 cum
638 3038 696 3090 epp.
716 3024 918 3075 127133134
936 3024 1005 3089 135)
1025 3038 1050 3076 a.
1073 3020 1342 3091 5172212111)νὸ

208 3109 350 3178 respondet
365 3110 433 3164 baec
450 3111 567 3179 epistula
584 3127 633 3178 per
649 3109 802 3165 Iohannem
819 3109 956 3164 lobannis
977 3110 1169 3180 Nicopolitam'
1191 3109 1341 3166 diaconum

207 3200 291 3252 eniam
310 3197 419 3252 duabus
436 3198 559 3266 epistulas
570 3198 707 3253 Iohannis
720 3205 746 3252 et
757 3197 856 3267 synodi
868 3197 951 3266 Epiri
963 3198 1044 3253 bodie
1057 3197 1204 3267 deperditis
1222 3201 1341 3268 acceptis

209 3287 244 3342 ab
262 3285 416 3340 Hormisda
432 3287 504 3341 inter
521 3287 591 3341 diem
610 3291 628 3341 3
646 3292 671 3342 et
688 3289 724 3339 12
740 3287 830 3354 April.
850 3287 968 3341 eiusdem
987 3287 1064 3340 anni.
1118 3286 1191 3340 Edd.
1210 3286 1279 3341 Bor.
1299 3289 1342 3343 ad

209 3392 236 3429 a.
258 3378 318 3438 517,
338 3376 391 3440 36,·
411 3373 518 3428 Callecl.
540 3374 657 3441 Concil.,·
673 3374 754 3428 BTA
772 3375 793 3428 I
810 3376 883 3440 4063
903 3373 982 3428 Tbe'el
1000 3377 1069 3427 809.
1159 3375 1176 3428 2
1197 3390 1291 3429 rosum
1315 3375 1343 3428 V

209 3480 267 3518 eum
286 3479 365 3516 αισι
387 3462 414 3516 V
443 3496 445 3499 -
481 3463 497 3517 3
521 3479 570 3533 per
590 3462 737 3517 Iohannem
756 3461 897 3516 diaconum
916 3462 974 3516 eins
993 3479 1012 3516 a
1034 3461 1060 3515 V
1071 3478 1217 3531 perperam
1233 3463 1266 3516 n‘n
1282 3463 1341 3530 fine

207 3567 248 3619 ep.
267 3553 323 3603 122
345 3550 470 3604 additum
492 3551 544 3604 bne
566 3549 799 3618 transponendum
822 3565 876 3604 esse
899 3549 1024 3604 docemur
1045 3551 1126 3604 etiam
1141 3550 1265 3619 penerali
1281 3551 1339 3604 col-

208 3639 330 3692 lectionis
347 3639 436 3692 indice
454 3639 570 3692 editon'n
587 3639 801 3707 Prolep.cap.1
833 3637 1025 3693 dmnndarnm
1043 3638 1074 3701 V,
1089 3653 1184 3708 cornp
1237 3639 1340 3692 mentis

206 3725 408 3796 perturbacione
430 3731 574 3781 mouerunt
602 3725 638 3778 V:
660 3731 762 3780 mentes
785 3725 986 3796 perturbatione
1010 3731 1113 3780 nestram
1138 3725 1250 3780 denotas
1278 3743 1339 3780 esse

206 3815 386 3883 interpolanit
395 3835 408 3866 o
417 3820 452 3881 (et
462 3815 510 3882 adp
525 3830 570 3884 epo
581 3830 640 3868 cum
649 3815 775 3869 Baranio
782 3814 909 3868 indicaui
918 3815 1056 3874 lacunam.
1067 3831 1149 3882 quam
1157 3816 1197 3869 sia
1205 3816 1340 3883 fereputa

207 3903 368 3971 explendam
386 3896 587 3972 perturbatione
600 3902 672 3956 <sine
691 3920 722 3957 eo
740 3905 840 3957 seruire
859 3901 957 3967 dolore,
977 3919 1055 3972 quem
1073 3915 1178 3973 semper
1195 3904 1224 3956 in
1242 3901 1339 3957 catho-

179 4053 182 4061 1
206 3991 317 4044 licoru'nr
337 3992 431 4044 animis
449 3991 609 4060 perfidarum
626 3992 756 4044 mendum
769 3992 942 4045 uenationes>
954 3994 1096 4044 mouerunt
1131 3991 1216 4059 Ssqq.
1231 3991 1339 4046 carreni

207 4066 349 4148 numatam
367 4079 611 4148 interpunctionem
628 4079 862 4146 temptationibns;
882 4079 1016 4133 saeculum
1032 4122 1038 4132 .
1054 4123 1061 4136 .
1075 4080 1206 4150 procellis.
1225 4078 1270 4133 lta
1287 4086 1337 4136 etc.

208 4169 224 4222 9
242 4168 342 4236 passim
365 4167 401 4220 V:
419 4167 587 4238 passionibus
606 4184 620 4216 o
675 4167 708 4220 18
726 4165 826 4220 honera
850 4166 872 4219 V
920 4168 954 4221 20
973 4167 1055 4221 loreia
1078 4168 1108 4233 V,
1127 4183 1228 4222 corno
