2864 4620
400 314 485 382 Epist.
505 312 676 368 COXXXIIII
695 313 727 366 13
746 343 779 351 -
800 309 937 366 OCXXXV
955 313 981 367 4.
1190 315 1252 376 715

179 507 346 574 Sabbatius
374 505 585 569 misericordia
612 504 661 569 dei
689 503 855 588 episcopus
883 502 1086 569 stratoniciae
1115 504 1253 568 ciuitatis

133 615 313 699 prouinciae
335 611 450 694 Lydiae
473 615 510 675 ut
533 629 636 693 supra.
720 629 723 634 ·

420 946 576 990 ammaus
597 914 765 1016 saissonis
789 945 970 990 rosemanus.

103 1059 115 1098 ⁵
179 1072 293 1117 corruo
326 1071 396 1115 u1ao
428 1069 608 1115 annrrssnno
642 1059 821 1125 sancroous
848 1069 942 1113 unsar
969 1067 1141 1113 nonnosum
1168 1066 1255 1111 unsis

136 1178 237 1223 nonna
251 1176 409 1222 eonsmrcr
423 1174 629 1221 1osr1mnuus.
686 1155 840 1235 Quantam
853 1155 1085 1219 uenerationem
1098 1153 1257 1236 religionis

135 1265 307 1329 habeamus
331 1282 485 1346 quumque
509 1262 638 1327 solliciti
657 1281 779 1345 semper
796 1261 946 1325 fuerimus
965 1263 1091 1344 propter
1108 1259 1258 1324 uniendas

135 1373 258 1436 sanctas
273 1369 432 1447 ecclesias,
452 1368 544 1433 tostis
564 1355 754 1450 est‘quoqua
772 1370 878 1432 uestra
895 1366 1069 1431 beatitudo.
1088 1367 1255 1448 postquam

135 1477 279 1560 regnauit
302 1475 416 1541 etenim
439 1475 571 1539 domnus
595 1477 702 1538 noster
723 1473 852 1538 inclitus
874 1473 1050 1554 imperator,
1073 1490 1129 1553 per
1151 1491 1258 1536 omnes

89 1583 121 1630 ¹⁶
136 1582 177 1646 ad
211 1581 335 1646 Italiam
371 1581 532 1646 uenientes
569 1578 737 1643 direximus
773 1579 895 1643 litteras
927 1578 1139 1661 apostolatum
1168 1579 1260 1641 tuum

87 1682 91 1691 '
134 1690 284 1772 rogantes
317 1687 401 1751 sicut
434 1685 572 1750 decebat.
604 1675 686 1749 nuuc
719 1685 823 1762 etiam,
855 1703 893 1748 ne
925 1683 1000 1766 quid
1032 1702 1147 1760 eorum,
1181 1684 1302 1765 quae2

97 1796 100 1800 '
135 1792 203 1858 fieri
231 1792 387 1869 conuenit,
414 1791 689 1874 praetermittatur,
722 1791 874 1855 Iohannes
905 1789 955 1853 uir
984 1789 1259 1854 reuerentissimus

52 1925 55 1929 ’
135 1899 277 1976 antistes,
296 1898 499 1963 Heraclianus
518 1897 679 1980 presbyter
699 1900 731 1962 et
750 1885 971 1961 Constantinus
991 1895 1141 1959 diaconus
1161 1913 1260 1958 sacro·

135 2008 261 2069 sanctae
294 2003 445 2069 ecclesiae
477 2003 570 2070 huius
602 1993 727 2066 inclitae
760 2001 898 2066 ciuitatis
932 2000 1079 2065 destinati
1110 2003 1183 2064 sunt
1219 1999 1256 2063 ad

85 2120 117 2160 ¹⁶
136 2103 245 2175 urbem
268 2109 412 2187 feliciter,
436 2112 472 2172 ul
497 2128 591 2191 super
614 2107 769 2184 omnibus,
794 2125 872 2188 quae
896 2107 1023 2188 scripsit
1045 2106 1128 2169 filius
1155 2107 1261 2193 uester

68 2294 69 2297 Ἴ
137 2215 357 2281 serenissimus
371 2215 548 2298 imperator,
564 2214 721 2298 integrum
736 2232 920 2296 responsum
935 2212 1098 2293 accipiant.
1114 2211 1260 2295 dignetur

137 2338 211 2404 ergo
240 2321 390 2386 sanctitas
417 2323 473 2384 tua
501 2321 661 2403 suscipere
685 2322 874 2384 memoratos
896 2319 983 2383 uiros
1005 2317 1259 2401 religiosissimos

136 2426 271 2490 libenter
294 2429 326 2491 et
347 2415 463 2491 habitis
488 2426 680 2491 orationibus
704 2419 887 2508 placataque
911 2423 1073 2490 diuinitate
1093 2422 1137 2486 sic
1157 2420 1260 2485 omnia

138 2531 250 2597 debeat
265 2565 269 2575 ·
286 2531 432 2616 ordinare
463 2531 693 2607 uenerabiliter,
730 2535 767 2596 ut
782 2531 880 2622 nihil
915 2530 997 2594 ultra
1031 2530 1189 2593 remaneat
1227 2527 1259 2589 in

83 2653 120 2693 20
139 2638 331 2722 ambiguum.
364 2638 462 2709 nobis
489 2638 602 2702 etenim
633 2638 769 2716 uidetur,
803 2637 948 2719 quoniam
983 2636 1068 2700 filius
1105 2635 1155 2699 dei
1191 2634 1303 2703 uiui3

138 2743 281 2819 domiuus
305 2746 412 2809 noster
433 2745 523 2810 Iesus
548 2744 691 2809 Christus
715 2763 751 2809 ex
772 2744 894 2827 uirgine
917 2743 1017 2809 Maria
1038 2745 1142 2819 natus,
1167 2759 1260 2823 quem
1314 2820 1315 2823 Ἴ

137 2849 295 2933 praedicat
326 2869 467 2917 summus
502 2850 715 2932 apostolorum
748 2869 839 2915 carne
871 2869 1009 2933 passum,
1036 2850 1132 2913 recte>
1146 2846 1261 2911 dicitur

137 2975 219 3021 unus
259 2957 291 3021 in
332 2954 470 3041 trinitate
512 2975 584 3020 cum
625 2959 710 3039 patre
749 2955 923 3039 spirituque
969 2957 1077 3020 sancto
1121 2971 1259 3036 regnare,

109 3125 111 3130 .
135 3061 375 3145 maiestatisque
403 3061 470 3126 eius
498 3081 663 3145 personam
690 3063 722 3126 in
749 3061 889 3126 trinitate
918 3064 949 3126 et
977 3079 1012 3124 ex
1038 3059 1176 3123 trinitate
1199 3076 1260 3122 non

85 3182 118 3223 2⁵
136 3154 305 3248 infideliter
327 3168 493 3235 credimus.
517 3168 555 3232 de
578 3168 755 3248 nominibus
780 3172 885 3250 autom
908 3166 1124 3230 defunctorum
1143 3163 1260 3245 episco·
1283 3172 1304 3233 4

135 3292 247 3356 porum
274 3274 447 3360 clementer
479 3277 511 3337 et
542 3276 579 3338 ut
611 3274 700 3339 dccet
730 3272 1051 3356 pacificumpatrem
1087 3269 1258 3354 disponite3

136 3381 209 3460 quia
225 3383 332 3445 uester
351 3399 474 3463 quoque
488 3398 667 3464 praecessor
680 3381 789 3446 beatae
803 3379 1025 3445 recordationis
1041 3377 1079 3442 ad
1092 3375 1259 3441 memoriae

223 3569 256 3622 22
274 3569 346 3622 Petr.
365 3568 379 3622 Ι
396 3570 421 3632 4,
442 3569 455 3622 1

135 3702 137 3706 V
172 3745 184 3797 1
206 3744 360 3802 strotonicie
383 3743 410 3798 V
460 3745 477 3797 2
495 3742 559 3796 lidie
582 3744 609 3797 V

169 3848 236 3913 285.
308 3850 388 3904 Data
412 3856 436 3904 et
459 3855 570 3919 accepta
587 3855 619 3904 ut
637 3866 675 3918 ep.
695 3853 763 3904 233.
834 3849 908 3903 Edu.
928 3849 983 3903 Car
1009 3847 1039 3902 1²
1059 3850 1131 3914 553,·
1152 3844 1258 3900 Collect.

138 3938 255 4004 Gouola
275 3938 353 3992 Tbt'el
373 3940 446 4005 954;
463 3938 743 4004 commemorat-Bar„
757 3937 796 3990 ad
813 3941 839 3990 ας
862 3939 928 4001 520,
950 3938 995 3990 59.
1068 3935 1209 3989 tironiane
1229 3935 1259 3996 V,

133 4043 202 4080 corr.
224 4028 287 4087 Car.
377 4025 560 4094 iunigendas
583 4025 615 4090 V,
634 4042 734 4084 como
825 4026 857 4079 12
876 4025 1087 4096 pretermittetur
1109 4024 1139 4087 V,
1158 4039 1226 4078 corr.
1247 4041 1260 4091 ρ

136 4116 168 4168 17
186 4116 346 4168 memoratos
365 4131 397 4172 aa
415 4116 576 4168 memoratus
595 4129 663 4168 corr.
686 4112 711 4167 V
777 4114 809 4168 18
826 4117 857 4167 et
879 4113 918 4167 V:
935 4115 966 4166 ut
983 4112 1086 4166 Hordei
1148 4112 1182 4165 24
1200 4127 1260 4180 per—

133 4218 200 4257 sona
221 4202 252 4267 V,
271 4215 338 4257 corr.
358 4202 420 4256 edit.
437 4218 489 4270 rap.
