2864 4620
223 294 287 358 798
697 289 865 360 Appendices

222 504 316 567 quam
340 485 477 566 synodus
500 484 634 549 Nicone:
653 485 852 549 Timotheum
872 504 944 550 uero
960 504 1020 549 uou
1040 486 1144 550 solum
1163 486 1345 568 episcopum

222 610 290 655 nou·
309 590 416 655 baberi
440 590 495 655 sed
518 591 612 655 etiam
636 589 813 654 Christiana
835 590 1192 673 appellatione‘priuari.
1216 590 1253 655 fit
1276 610 1345 674 ergo

224 696 308 778 apud
343 696 561 760 Alexandriam
598 696 676 761 alter·
712 697 897 762 Timotheus
935 697 1126 773 catholicum
1164 698 1347 762 Timotheus

223 802 382 866 hereticus
419 802 557 866 mittitur
592 803 623 865 iu
661 802 785 865 exilium
820 802 997 879 Cersouam,
1030 803 1084 884 qui
1115 805 1205 868 locus
1238 807 1288 867 est
1317 803 1349 866 in

173 896 348 986 13Pout03¹
374 908 486 971 Petrus
518 908 612 992 fugit.
644 908 742 992 igitur
773 908 922 990 quamdiu
955 908 1035 973 uixit
1068 908 1131 973 Leo
1169 909 1348 991 imperator,
1377 927 1420 969 a

225 1013 305 1077 uixit
327 1014 420 1077 etiam
445 1015 628 1078 Timotheus
652 1014 817 1095 episcopus
840 1013 1023 1078 Alexandria
1046 1033 1118 1078 cum
1142 1015 1260 1096 quiete.
1280 1033 1351 1078 cum

225 1123 331 1184 autem
353 1119 511 1183 Basilicus
535 1124 720 1200 occupasset
741 1120 917 1202 imperium,
938 1120 1081 1185 damnare
1100 1122 1185 1202 cepit
1203 1120 1350 1186 06166616-

226 1244 354 1289 neusem
378 1224 531 1309 synodum
556 1227 587 1288 et
610 1225 782 1290 catholicos
806 1226 959 1309 persequi.
985 1229 1060 1291 tunc
1082 1227 1269 1291 Timotheus
1296 1228 1350 1291 1116

227 1331 413 1412 dampnatus
436 1331 524 1393 uenit
548 1329 858 1412 constantinopolym
881 1334 912 1394 61
930 1331 1091 1397 damnatos
1109 1331 1265 1396 hereticos
1283 1333 1350 1396 suis

226 1435 361 1500 reddidit
397 1436 476 1499 locis
515 1439 546 1499 et
581 1455 652 1501 mox
683 1437 771 1499 uenit
802 1436 1027 1500 Alexandriam.
1059 1439 1133 1500 tuno
1165 1437 1401 1501 Timotheus:

227 1541 401 1607 catholicus
433 1541 517 1624 fugit
548 1543 580 1604 et
612 1541 800 1606 monasterio
831 1541 918 1605 latet.
950 1541 1062 1606 Petrus
1093 1541 1147 1605 ille
1174 1542 1289 1606 iterum
1318 1562 1350 1606 se

176 1648 328 1719 ldiunxit
349 1646 523 1724 Timotheo,
549 1665 619 1711 cum
644 1665 704 1729 quo
727 1648 830 1711 fuerat
852 1647 1026 1711 damnatus.
1049 1647 1218 1729 imperator
1244 1648 1350 1730 itaque

229 1754 310 1818 Zeno
333 1753 414 1817 redit
438 1753 476 1818 ad
493 1771 635 1835 regnum,
656 1753 810 1817 Basilicus
830 1753 1023 1834 opprimitur.
1043 1756 1120 1835 aput
1136 1754 1351 1818 Alexandriam

220 1877 353 1942 quoque
371 1858 463 1941 pulso
482 1858 627 1923 inuasere
645 1858 809 1923 Timotheo
828 1857 1010 1923 Timotheus
1025 1860 1199 1924 catholicus
1212 1860 1353 1924 redditur

229 1964 371 2029 ecclesie.
405 1964 461 2028 sed
491 1964 553 2028 isto
582 1964 746 2029 Timotheo
774 1965 911 2029 heretico
938 1967 1039 2029 morte
1066 1964 1211 2030 damnato
1240 1964 1352 2030 Petrus
1403 2021 1420 2025 -

230 2091 357 2138 consors
371 2072 472 2154 ipsius
487 2072 524 2135 ab
539 2072 685 2136 hereticis
701 2053 867 2153 episcopus
883 2071 1107 2135 Alexandrinus
1123 2077 1172 2136 est
1183 2072 1353 2136 ordinatus.

225 2193 324 2260 quem
350 2177 429 2241 nihil
452 2178 575 2242 omuius
599 2177 681 2242 deici
702 2177 798 2241 iussit
821 2176 1109 2243 christianissimus
1132 2177 1302 2258 imperator
1325 2181 1356 2243 et

180 2282 351 2356 15reducit
385 2283 585 2348 Timotheum
623 2283 822 2349 catholicum.
860 2282 978 2347 interea
1018 2302 1090 2348 eum
1130 2282 1260 2364 plurimi
1301 2303 1356 2349 seu

232 2389 335 2453 elerici
364 2408 421 2453 seu
448 2389 592 2454 monachi
619 2408 676 2453 seu
704 2390 860 2453 seculares
889 2388 1004 2453 diuites
1037 2388 1075 2452 ad
1107 2390 1360 2456 communionem

231 2493 378 2557 catholici
405 2492 544 2574 episcopi
575 2493 696 2557 nollent
725 2494 850 2576 penitus
883 2493 1058 2570 conuenire,
1091 2493 1361 2559 clementissimus
1393 2513 1416 2556 6

230 2599 400 2680 imperator
422 2599 555 2664 diuersis
580 2599 672 2663 minis
696 2599 808 2663 tenuit
830 2599 1003 2663 uniuersos.
1023 2598 1156 2680 denique
1174 2599 1361 2665 Timotheus

106 2734 107 2738 ¹
232 2698 400 2787 episcopus
424 2705 591 2787 scribitad·
608 2711 721 2786 papam
741 2703 938 2786 Simplicium
957 2707 994 2769 ut
1012 2704 1163 2769 scriberet
1179 2704 1364 2788 imperatori

182 2809 272 2889 16616
299 2810 403 2888 Petro,
433 2810 487 2893 qui
513 2811 643 2889 latebat
658 2810 690 2874 in
717 2810 902 2876 Alexandria
929 2815 961 2875 et
987 2810 1193 2875 insidiabatur
1216 2811 1359 2887 ecclesie,

233 2919 388 2998 quatenus
403 2917 442 2981 ad
460 2917 667 3000 longinquum
687 2915 900 2998 deportaretur
919 2916 1056 2982 exilium.
1074 2916 1173 2998 igitur
1190 2935 1248 2999 per
1264 2917 1359 2981 ferme

231 3023 400 3087 triennium
420 3027 526 3088 sancte
544 3008 694 3087 memorie
711 3040 793 3106 papa
811 3021 993 3104 Simplicius
1011 3041 1072 3085 uon
1087 3022 1211 3087 destitit
1226 3023 1388 3088 scriberes

233 3128 272 3192 ad
299 3129 449 3194 Acacium
477 3129 670 3211 episcopum,
697 3131 735 3197 ut
761 3130 868 3212 ageret
890 3147 962 3192 cum
984 3128 1181 3210 imperatore,
1207 3132 1356 3210 quatenus

233 3233 322 3298 lieret
353 3235 391 3298 de
423 3235 526 3307 Petro,
560 3233 641 3315 quod
673 3231 859 3298 Timotheus
893 3233 1059 3315 episcopus
1087 3215 1280 3316 postulabat,
1308 3233 1356 3299 sod

182 3333 314 3411 17uihil
336 3340 460 3406 omniuo
483 3340 632 3423 proficere
654 3339 770 3421 potuit.
795 3338 941 3404 defuncto
964 3358 1098 3422 namque
1115 3339 1177 3404 isto
1197 3340 1355 3405 Timotheo

235 3446 382 3532 episcopo
418 3447 549 3511 loannes
587 3464 756 3510 economus
795 3445 892 3511 officii
928 3446 1122 3525 candidatus,
1162 3446 1216 3527 qui
1253 3447 1373 3517 multis

234 3552 383 3616 laudibus
407 3551 652 3635 praedicabatur,
678 3552 852 3616 catholicus
877 3552 1043 3633 episcopus
1067 3570 1103 3615 66
1126 3551 1292 3617 catholicis
1316 3553 1389 3618 estro

236 3658 406 3723 ordinatus,
440 3658 494 3738 qui
526 3677 597 3723 cum
629 3658 667 3721 ad
700 3657 903 3740 apostohcam
937 3656 1043 3721 sedem
1071 3657 1221 3740 synodica
1249 3659 1358 3742 scripta

235 3765 410 3840 mississet,
432 3765 672 3846 superueniente
698 3764 832 3845 quodam
860 3763 974 3828 Urauio
1003 3763 1041 3828 ab
1068 3764 1182 3828 Α66616
1207 3763 1357 3830 destinato

238 3875 270 3936 et
296 3875 404 3935 contra
429 3871 600 3936 Iohannem
626 3872 691 3940 iam
718 3870 903 3952 episcopum
928 3870 1060 3952 quedam
1087 3870 1168 3935 falsa
1195 3870 1357 3945 deferente,

235 3978 292 4060 qui
320 3978 414 4042 etiam
443 3977 480 4041 de
507 3978 698 4042 restituendo
726 3977 818 4041 Petro
847 3978 1037 4041 mentionem
1059 3976 1204 4055 faciebat,
1227 3981 1304 4041 tunc
1326 3975 1357 4040 ab

275 4171 288 4222 1
308 4169 493 4239 hepiscopum]
512 4185 526 4222 e
545 4185 578 4224 66
595 4187 611 4223 6
629 4185 697 4224 corr.
771 4170 805 4223 14
822 4169 968 4223 timothens
987 4185 1055 4223 corr.
1074 4159 1256 4227 eatimo'theo
