2864 4620
571 307 656 376 Epist.
677 305 794 361 CXXXX
812 305 889 360 4-6.
1222 309 1284 372 575

158 513 270 570 πιστοῖς
299 508 350 562 τοῦ
384 502 458 562 θεοῦ
480 501 524 570 ,τύ
554 494 603 560 διὰ
630 507 682 565 τοῦ
711 492 848 560 θανώτού
872 507 929 560 τῶν
960 495 1104 581 σωμάτων
1133 498 1185 581 τῆν
1208 498 1285 581 ίωῆν

155 605 318 686 κερδαίνειν
348 600 405 665 των
435 607 547 688 ψυχῶν
576 599 795 684 ἀποβαλλονται
825 604 877 685 μὲν
910 604 946 663 τὰ
976 596 1078 684 ῥέοντα
1095 598 1167 664 4ἀλλ’
1192 599 1285 686 ἐμπο-

160 709 292 791 ρεύονται
319 710 357 768 τὰ
387 705 491 770 αἰώνια
516 709 567 769 καί
596 705 624 768 ὲν
647 715 687 788 τῆ)
716 707 766 768 τύν
797 705 923 790 διωγμὸν
953 701 1097 767 ὁδοποιεῖν
1118 714 1155 789 τῆ
1176 704 1284 789 δυκιμῆ

160 809 236 872 αίτία
268 814 375 889 γίνεται
405 818 458 893 ’τῆς
488 807 571 889 ἀξίαις
593 805 612 893 ἡ
636 810 753 893 δὀκιμῆ·
785 805 904 892 ἀνόητοι
931 811 983 870 καὶ
1014 807 1043 871 ἐν
1073 821 1109 895 τῆ
1140 809 1287 896 τυφλώσει

124 939 139 976 υ
160 914 330 997 μαινόμενοι
359 910 522 991 ἀγνοοῦσιν,
552 909 594 975 ὅτι
621 910 673 982 οὓς
696 911 730 974 ὲκ
747 920 805 996 ’τῆς
827 920 884 975 τῶν
908 909 1074 996 ἀνθρώπων
1098 911 1287 998 ἀναστροφῆς

159 1021 295 1104 χωρίζειν
325 1017 471 1080 δύνασθαι
507 1020 667 1100 νομίζουσι,
697 1017 818 1086 τούτους
848 1014 890 1087 είς
923 1016 974 1100 τῆν
1005 1017 1154 1099 βασιλείαν
1183 1013 1288 1096 ἄγουσι

158 1130 210 1184 τοῦ
233 1123 317 1183 θεοῦ.
383 1118 517 1183 ἐντεῦθεν
551 1119 580 1184 ὲν
609 1116 708 1192 αύτοῖς
740 1131 801 1190 τοῖς
822 1120 965 1191 κινδύνοις
987 1117 1017 1182 αἱ
1040 1116 1216 1206 εὐφροσύναι
1236 1115 1331 1182 καὶ4

158 1222 178 1310 ἡ
202 1227 321 1307 περὶτὰ
344 1223 468 1308 πάσχειν
491 1225 615 1308 σπουδή·
639 1223 792 1310 ἐκδέχεται
814 1225 870 1306 γὰρ
892 1224 961 1294 τούς
985 1220 1102 1303 ἀγῶνας
1128 1233 1185 1297 τῶν
1206 1220 1286 1286 ίδίυιν

159 1325 255 1392 ὁτῶν
285 1327 419 1412 μεγάλων
451 1323 569 1410 δωρεῶν
598 1325 809 1412 ἀνταποδύῖης,
840 1329 882 1397 τίς
911 1330 967 1410 γὰρ
997 1322 1053 1390 ούκ
1079 1325 1117 1389 ἂν
1137 1322 1287 1391 ύκλοίσειεν

115 1458 140 1496 ιο
160 1430 189 1494 ὲν
211 1443 272 1502 τοῖς
293 1443 408 1511 κακοῖς,
426 1429 451 1493 εί
468 1430 508 1514 μη
532 1431 580 1493 διὰ
601 1440 658 1496 τῶν
682 1430 821 1494 ἐπάθλων
844 1433 1078 1517 παραμυθηθείη
1100 1435 1137 1500 τὰ
1159 1430 1287 1520 ὲναντία;

158 1534 254 1619 ἐκείνη
286 1532 364 1597 ἐστίν
390 1530 409 1618 ἡ
439 1531 521 1604 ἐλπίς
548 1529 567 1619 ἡ
598 1534 639 1618 μῆ
671 1543 869 1619 συγχωροῦσα
895 1532 924 1597 ἐν
953 1545 989 1619 τῆ
1020 1531 1187 1618 ἀνελπιστίορ
1207 1531 1288 1620 ἡμᾶς

159 1637 280 1701 ἀτονεῖν·
304 1636 452 1702 ἀποκλείει
479 1633 578 1721 (γὰρ)
602 1635 658 1701 τών
680 1637 811 1720 θλίψεων
834 1639 866 1699 τύ
889 1638 990 1720 πικρύν
1013 1633 1170 1722 ἡγλυκεῖα
1191 1647 1289 1717 γεῦσις

159 1753 215 1805 τῶν
245 1744 363 1826 ἀρετῶν.
391 1744 434 1812 τίς
462 1743 518 1826 γὰρ
552 1741 587 1805 ἂν
619 1740 736 1827 οἰηθείη
768 1738 804 1804 τοί
830 1745 962 1825 παρόντα
985 1738 1101 1825 μεγάλα
1126 1740 1231 1806 ἐννοῶν
1252 1744 1289 1802 τὰ

160 1846 322 1931 μὲλλοντα;
345 1849 387 1916 τίς
409 1847 458 1908 τὸν
480 1846 609 1909 θάνατον
633 1843 812 1929 ἀπαρνεῖται,
829 1847 855 1907 εί
868 1855 925 1908 τῶν
949 1835 1117 1928 μελλόντων
1140 1845 1191 1928 τῆν
1214 1842 1288 1906 ἀντί.

114 1979 138 2018 15
158 1951 238 2012 δοσιν
260 1950 486 2033 κατανυῆυειεν;
552 1947 680 2036 ἔνστητε,
704 1947 849 2032 ἀγαπητοί
880 1970 947 2032 μου,
971 1951 1022 2010 καί
1053 1945 1215 2012 ἀσάλευτον
1238 1950 1288 2032 τῆν
1314 1947 1332 2007 5

158 2058 249 2116 πίστιν
281 2056 389 2136 βεβαίῳ
417 2052 549 2137 λογισμίρ
572 2050 765 2140 φυλάττοντες
791 2062 844 2137 τῆς
866 2049 1016 2138 ὑπομονῆς
1038 2041 1087 2115 τὸν
1110 2051 1236 2132 ἔπαινον,
1260 2053 1288 2116 ἐν

161 2153 185 2245 ἷρ
210 2155 284 2219 ἔστιν
307 2154 326 2242 ἡ
350 2161 481 2242 σωτηρία
511 2158 562 2220 καί
590 2150 647 2219 τῶν
679 2154 801 2238 ἀγαθῶν
825 2154 916 2240 ἔργων
939 2158 970 2217 τι)
996 2159 1143 2240 βραβεῖον,
1166 2161 1289 2242 καρπώ

162 2262 269 2322 σασθε.
300 2261 417 2344 μεγάλα
446 2259 526 2340 είσὶν,
550 2259 595 2335 εἰς
618 2260 638 2323 ἃ
658 2260 837 2344 καλούμεθα
859 2257 887 2322 οἱ
909 2256 1027 2331 ἀνάξιοι·
1053 2260 1093 2345 μὴ
1119 2261 1289 2344 βραδυνοίτω

160 2359 180 2448 ἡ
205 2360 354 2446 ἀσθένεια,
378 2359 421 2426 ὅτι
442 2359 458 2427 ὁ
480 2363 581 2426 καλῶν
605 2361 807 2446 ἀνταποδύτης
829 2364 930 2433 πιστὸς
952 2366 1002 2426 καί
1030 2364 1152 2436 δυνατὸς
1176 2348 1291 2449 βοηθός

113 2499 142 2538 20
164 2466 232 2530 ἐστι.
258 2467 357 2551 μῆτῆ
379 2477 436 2531 τῶν
458 2468 651 2551 καταθυμίων
675 2465 767 2530 ἐλπίδι
789 2464 987 2552 ἀπατηθῶμεν
1019 2469 1091 2550 μήτε
1117 2477 1174 2530 τῶν
1195 2463 1292 2552 ἡδέων

163 2573 237 2655 μήτε
259 2575 460 2656 προκρίνομαι
481 2574 518 2633 τὰ
542 2565 661 2656 εύχερῆ.
686 2566 720 2634 ού
742 2570 879 2656 τρυρηλὰ
899 2566 969 2656 ἡμῖν
992 2567 1124 2654 ύκύριος
1146 2565 1242 2656 ἡμῶν,
1258 2566 1292 2634 ού

161 2674 358 2737 κολακευτικὰ
388 2672 578 2759 ἐπηγγείλατο
619 2673 729 2745 ἐκεῖνος
760 2671 879 2736 ἔπαθλα
906 2669 1061 2759 ύπὲσχετο,
1093 2669 1148 2737 ούκ
1178 2672 1292 2758 ἀργίας.

161 2773 196 2840 ού
222 2781 431 2863 συμβαίνουσιν
455 2777 573 2850 ἔπαινος
594 2781 644 2841 καί
668 2773 810 2862 ραθυμία.
824 2781 875 2868 ,τίς
897 2786 951 2863 τῆς
973 2776 1174 2864 ἀνταρείψεως
1196 2777 1294 2842 ἔσεταί

155 2886 260 2965 τύπος,
290 2881 316 2944 εἰ
349 2877 472 2965 ούδεμία
501 2881 560 2945 ἐστὶ
592 2884 707 2969 φροντὶς
728 2890 782 2966 τῆς
800 2878 931 2966 αρετῆςς
961 2878 1088 2967 στενῆὴ
1111 2883 1189 2967 πύλη
1214 2880 1292 2945 ἀλλὰ

113 3020 141 3059 25
162 2986 277 3048 πλατέα
303 2989 339 3048 τὰ
370 2986 512 3068 βασίλεια·
544 2983 653 3067 ὐλίγοις
680 2981 700 3070 ἡ
731 2983 847 3055 εἴσοδος
877 2981 956 3048 ἀλλὰ
985 2997 1045 3057 τοῖς
1068 2987 1211 3070 δοκίμοις.
1235 2981 1336 3072 ούχύ

162 3084 242 3152 ούτοί
253 3088 334 3152 εἰσιν
357 3085 385 3151 οἱ
405 3085 513 3173 πρῶτοι
527 3089 610 3170 λύγοι
624 3091 699 3174 πρύς
715 3087 856 3171 ἐκείνους,
872 3086 924 3160 οὓς
940 3087 1063 3160 ἐδίδαξε·
1089 3089 1249 3173 ,διώξου
1260 3111 1293 3152 σι

158 3196 229 3256 καί
258 3191 295 3261 ὲν
324 3205 408 3263 ταῖς
438 3205 684 3273 συναγωγαῖς
721 3195 1032 3277 μαστιγώσουσιν
1070 3188 1213 3278 ύμᾱς“;
1244 3191 1293 3256 διοὶ

159 3306 214 3382 τῆς
243 3292 404 3382 ὑπομονῆς,
427 3298 534 3369 καθώς
566 3301 734 3380 γέγραπται,
756 3299 940 3383 κτησώμεθα
969 3300 1022 3368 τὰς
1045 3294 1157 3361 ἑαυτῶν
1180 3293 1289 3383 ψυχας,
1339 3283 1342 3288 ’

160 3402 274 3485 μῆποτε
303 3402 409 3490 ταύτας
441 3383 489 3462 δίὰ
514 3409 574 3486 ’τῆς
608 3396 667 3485 ούχ
696 3396 845 3486 ύπομονῆς
877 3397 1054 3486 ἁλγῆσωμεν
1082 3399 1288 3474 ἀπολέσαντες.

197 3590 213 3642 2
236 3595 292 3652 ταῖς
319 3591 448 3661 ιβυχαίςο
560 3592 576 3645 6
602 3588 729 3643 δύνασθαι
753 3587 883 3660 νομίζουσι
901 3606 961 3643 aeo:
986 3589 1088 3642 δοκοῦσι
1107 3589 1235 3643 δύνασθαι
1254 3590 1290 3658 gh

159 3679 177 3731 9
198 3677 314 3748 δωροιιῶν
334 3691 369 3731 π·
429 3679 462 3731 12
480 3679 529 3750 γὰρ
548 3678 647 3746 addidi
723 3679 755 3733 13
774 3678 888 3748 παρόντα
907 3677 1001 3730 ἐννοῶν
1020 3676 1120 3749 μεγάλα
1139 3675 1235 3729 ἐννοῶν
1254 3678 1290 3747 gh

162 3767 197 3820 14
216 3764 391 3837 ἀπαρνήσεται
409 3767 445 3836 gh
527 3769 560 3822 17
578 3765 749 3838 καρπώσεσθε
768 3784 792 3831 a,
810 3764 1000 3837 καρπώσασθαι
1018 3784 1043 3836 g,
1064 3766 1255 3838 καρπώσασθαι
1271 3767 1292 3819 h·

160 3855 195 3908 19
213 3852 257 3903 καί
275 3851 383 3916 δυνατὸς
402 3855 443 3908 bis
461 3855 498 3924 gh
551 3855 587 3909 ⁴20
606 3860 638 3924 τῆ
657 3871 743 3909 σκῶρ
