2864 4620
563 271 705 326 Hormisda
723 271 866 326 1111111111
884 274 1006 342 Augusto

733 465 839 550 (115.)

265 609 420 667 acamson
436 607 619 655 annsnnsro
630 605 781 655 nocuere
831 610 892 654 aar
908 610 1066 655 annorum
1082 610 1121 654 ar
1141 599 1349 654 nonnunnrur

220 708 386 761 uersoonos
404 707 583 760 mnnurmn
600 713 817 760 rrasarraann
830 715 963 760 11111111
981 715 1139 760 11111111
1156 715 1195 759 aa
1214 715 1351 761 1111111(

220 821 387 866 nouarum.
453 802 537 866 Bene
566 803 658 883 atque
681 802 803 866 utiliter
825 802 975 868 serenitas
1002 805 1109 866 uestm
1132 822 1238 868 curam
1265 802 1351 885 prin·

213 907 332 989 “cipalis
364 906 517 971 acuminis
549 927 608 972 nou
641 909 764 972 tuntum
795 907 827 971 in
855 907 1098 972 administrando
1130 908 1175 972 rei
1201 907 1348 991 publicae
1380 931 1394 973 e

219 1015 342 1078 exercet
372 1011 476 1077 officio
509 1013 564 1078 sed
595 1013 777 1078 melioribus
808 1032 875 1077 earn
907 1013 1075 1078 nobilitans
1108 1013 1264 1079 institutis
1291 1031 1350 1096 per

214 1137 327 1183 ‘curam
338 1118 592 1202 redintegrandae
606 1119 736 1199 unitatis
748 1124 906 1184 auctorem
915 1119 1080 1184 uenerandi
1094 1120 1200 1202 planat
1212 1119 1349 1201 imperii.

222 1225 299 1290 certi
330 1227 405 1288 sunt
436 1225 518 1288 eninr
551 1225 588 1289 do
615 1226 717 1290 tutela
742 1228 918 1309 regnantes,
942 1225 970 1289 si
992 1225 1078 1289 nulla
1105 1224 1205 1289 isdem
1232 1225 1349 1308 praesie

221 1331 367 1396 dentibus
401 1332 554 1396 ecelesiae
591 1332 720 1397 castitas
756 1333 935 1414 importuna
972 1331 1089 1396 diaboli
1126 1331 1348 1396 commixtione

176 1430 197 1493 2
221 1439 405 1515 maculetur.
459 1436 540 1501 unde
564 1439 647 1502 enim
674 1440 780 1519 potest
794 1437 877 1514 fieri,
901 1445 938 1502 ut
959 1437 1074 1502 nitidas
1103 1449 1206 1521 (pro)
1232 1437 1348 1520 princi·
1369 1463 1395 1503 ro

219 1543 313 1626 pibus
337 1543 485 1608 addeum
509 1546 651 1607 nostrum
673 1560 781 1624 preces
798 1536 929 1626 dirigat,
949 1542 976 1606 si
995 1543 1038 1606 sit
1055 1539 1191 1606 letaliter
1208 1543 1348 1624 populus

219 1648 348 1731 perfidia
375 1648 564 1731 corruptus?
587 1667 658 1712 nam
685 1647 769 1712 sicut
792 1648 863 1713 ante
889 1648 971 1713 bona
998 1648 1103 1713 omnia
1130 1649 1179 1712 est
1205 1648 1349 1731 perlecta

218 1740 306 1838 iurta
341 1756 448 1820 deum
468 1755 500 1820 in
540 1755 780 1837 imperatoribus
823 1754 992 1837 sapientia,
1035 1755 1094 1819 ita·
1125 1754 1164 1819 de
1212 1757 1347 1823 sacrario

219 1860 405 1926 mundorum
430 1865 608 1944 pectorum
647 1879 703 1942 pro
743 1860 792 1925 his
830 1861 1018 1943 supplicatio
1056 1860 1151 1927 debet
1190 1870 1222 1926 et
1260 1861 1348 1926 fideli

218 1963 393 2032 animarum
402 1965 739 2050 ubertateprocedere.
753 1966 840 2031 nulla
853 1966 955 2040 uobis,
970 1967 1196 2033 sublimissime
1211 1967 1347 2047 domiue,
1368 1991 1395 2031 ra

217 2073 448 2158 triumphorum
476 2073 607 2138 materia
627 2073 742 2156 poterit
772 2091 841 2136 esse
871 2072 1033 2138 iocundior
1060 2092 1153 2155 quam
1178 2073 1215 2138 de
1238 2073 1348 2138 subiu-

219 2179 344 2263 gatioue
365 2177 522 2262 perfidiae.
545 2179 604 2243 hoc
628 2178 722 2243 etiam
746 2177 934 2243 fiducialiter
952 2182 984 2242 et
1001 2197 1056 2260 pro
1076 2178 1238 2243 commissi
1254 2179 1346 2243 nobis

219 2283 314 2349 officii
349 2285 566 2368 praerogatiua
602 2285 811 2368 suggerimus,
849 2284 923 2366 quia
953 2303 1048 2368 prope
1086 2287 1144 2362 est,
1176 2290 1214 2349 ut
1250 2304 1344 2350 suum

218 2391 414 2473 splendorem
430 2390 530 2455 aliena
543 2390 682 2472 patiatur
698 2391 780 2458 nube
799 2391 925 2468 fuscari,
947 2390 1001 2473 qui
1020 2409 1091 2456 cum
1110 2390 1168 2455 deo
1187 2391 1345 2458 tribuente

219 2515 363 2561 amouere
386 2496 495 2580 possit,
514 2496 546 2559 in
566 2492 862 2562 subditis‘tenebras
881 2515 1012 2579 manere
1023 2496 1179 2579 permittit
1198 2516 1345 2564 errorum.
1364 2523 1391 2564 ao

170 2600 291 2686 Serge
337 2602 410 2685 quia
449 2602 656 2667 mansuetudo
698 2605 805 2667 uestra
844 2603 983 2667 futuram
1023 2603 1177 2685 synodum
1217 2601 1344 2687 scriptis

217 2708 438 2773 sacratissimis
460 2708 623 2785 indicauit,
647 2709 772 2774 cainos
791 2708 1070 2774 interessedebere
1093 2709 1193 2774 isdem
1221 2710 1343 2796 paginis

217 2813 285 2892 deo,
299 2816 336 2879 ut
349 2815 516 2892 credimus,
532 2815 592 2879 sibi
605 2816 776 2899 imperante
791 2815 993 2893 commonuit,
1008 2815 1181 2900 gaudemus
1197 2817 1343 2896 scientes,

217 2920 362 3004 quoniam
377 2921 564 2987 directarum
573 2922 726 2988 mentium
739 2924 788 2986 est
804 2921 987 2994 uenerabilis
1006 2921 1157 2987 ecclesiae
1175 2923 1344 3007 magistros

215 3029 374 3123 expetere3
398 3029 459 3094 soli
482 3029 564 3093 euim
592 3028 747 3093 declinant
776 3046 902 3092 eramen
922 3028 1138 3106 conscientiae,
1162 3048 1242 3111 quae
1260 3029 1346 3094 iusta
1364 3053 1392 3096 aa

306 3244 338 3296 12
356 3243 389 3298 ci.
409 3243 526 3313 Sapieut
548 3244 617 3298 6-9
634 3243 734 3313 passim

251 3362 318 3419 115.ι
352 3364 421 3419 Dat.
440 3383 466 3420 o.
488 3368 540 3419 515
559 3365 602 3419 dic
619 3369 650 3419 11
663 3368 733 3436 Aop.
747 3382 798 3434 per
810 3351 971 3420 Bandritum
984 3364 1172 3420 Fortunarum
1186 3371 1233 3420 etc.
1269 3365 1345 3420 Ede.

217 3451 282 3506 Cor.
300 3452 330 3504 Ι2
354 3456 421 3518 441,
441 3453 580 3507 nonnulle
602 3455 727 3509 emitterre
747 3454 815 3508 Bar.
840 3452 880 3507 od
897 3469 923 3506 o.
945 3455 1072 3520 515,19,·
1097 3453 1204 3509 Collect.
1226 3453 1345 3519 Concide

211 3540 296 3594 BTA
307 3539 329 3593 I
337 3543 404 3606 371;
426 3535 504 3595 rerer
519 3544 584 3596 755.
634 3543 655 3603 2
674 3558 721 3612 per
733 3541 883 3597 Eunodlum
898 3582 904 3595 .
920 3542 1072 3597 .notarium
1087 3542 1242 3597 charactere
1255 3542 1346 3596 minu·

215 3629 282 3682 tiore
298 3628 331 3682 e'o
347 3644 430 3700 marg.
455 3629 484 3683 V
523 3629 738 3684 3Veunantium
761 3629 787 3683 V
836 3615 903 3684 ‹lia-ca
915 3629 941 3684 V
990 3628 1169 3684 Hillarianum
1192 3624 1348 3694 Vcorrexi

204 3718 231 3776 26
249 3717 376 3782 nobilitas
399 3717 429 3783 V,
449 3734 518 3774 corr.
538 3717 565 3789 p²
618 3719 758 3788 iplaceat
780 3717 813 3782 V,
826 3716 897 3787 corr.
918 3719 945 3787 p²
1005 3716 1147 3773 8biedem
1169 3716 1196 3770 V
1246 3718 1279 3771 10
1297 3735 1346 3788 pro

213 3804 280 3858 add.
297 3798 367 3858 Bar.
413 3806 446 3860 12
463 3806 573 3876 perfidie
596 3805 628 3870 V,
647 3821 716 3861 corr·
735 3804 762 3876 9²
812 3807 844 3860 14
863 3809 891 3861 et
914 3805 951 3860 V:
970 3823 1001 3860 ex
1018 3803 1047 3876 ρ’
1096 3806 1128 3859 17
1147 3804 1294 3860 commissis
1315 3805 1347 3870 V,

211 3907 315 3946 corno
353 3893 385 3947 19
403 3893 544 3964 splendore
567 3887 599 3957 V,
618 3908 719 3958 corno
756 3894 791 3948 20
809 3904 932 3955 amouere
951 3894 983 3954 V,
1002 3909 1069 3949 corr.
1085 3891 1112 3964 p²
1147 3886 1304 3949 alliacen
1323 3894 1351 3946 V

214 3980 249 4033 24
267 3979 428 4034 directurum
454 3981 568 4045 V,corr.
590 3982 652 4037 Ocr.
725 3983 759 4037 25
778 3982 835 4036 sola
857 3982 888 4045 V,
908 3998 976 4037 corr.
999 3982 1063 4037 Car.
1153 3978 1289 4037 declinant
1307 3981 1346 4035 0²:

214 4067 365 4122 declamant
387 4068 413 4122 V
481 4086 549 4139 quae
566 4071 639 4125 iusta
657 4071 765 4140 scripsi:
785 4086 853 4140 quae
871 4071 930 4125 uita
952 4070 983 4135 V,
1003 4071 1049 4141 qui
1068 4073 1141 4124 uitae
1158 4069 1221 4125 Ger.
1235 4070 1348 4138 Binius,

214 4172 282 4226 quae
300 4160 375 4212 recta
395 4157 474 4213 Teio
