2864 4620
489 271 577 341 Epist.
596 272 707 328 CXXIII
729 275 803 329 1-8,
1153 279 1217 343 535

98 485 209 532 uocem
228 464 373 543 hominis,
393 485 464 532 cum
484 467 611 532 cottidie
629 469 720 533 nobis
738 468 861 534 insonet
884 469 1037 534 sententia
1060 470 1220 536 ueritatis:

100 572 223 649 beati,
249 573 314 655 qui
336 573 661 654 persecutionem
685 576 900 657 patiuntur
921 578 1086 658 propter
1107 576 1220 641 insti·

99 681 211 743 tiam!
257 678 312 742 sed
334 697 372 742 ue
395 697 455 755 me,
474 679 584 744 fratres
602 679 769 756 karissimi,
788 681 864 746 licet
881 680 963 766 apud
981 681 1089 745 fideles
1108 700 1222 765 magna
1244 679 1265 741 5

100 785 151 862 sit,
185 784 317 866 spiritali
345 787 448 848 tamen
474 803 532 849 uos
560 785 664 849 solum
692 786 825 851 credatis
853 785 1085 851 confirmatione
1118 787 1220 863 solari,

68 911 117 955 aa
143 889 344 973 prouidendis
371 909 426 974 pro
459 894 565 980 uestra
595 891 797 967 tribulatione
828 892 983 970 remediis,
1011 895 1162 974 quantum
1189 892 1221 956 in

99 996 225 1061 homine
249 1007 317 1061 esse
340 997 453 1080 potuit,
477 1016 537 1061 non
561 997 677 1079 quieui.
709 1016 780 1060 narn
803 998 1001 1082 perlegales
1024 998 1063 1062 ad
1086 997 1222 1062 Orientis

98 1103 270 1186 principem
302 1102 474 1168 destinatos
507 1106 539 1167 et
565 1102 874 1168 Thessalonicensem
901 1105 1092 1188 episcopum,
1120 1106 1158 1166 ut
1183 1102 1221 1173 ab

97 1209 303 1273 insectatione
335 1213 442 1275 nestra
474 1217 619 1284 cessaret,
652 1208 799 1275 admonui
826 1213 858 1274 et
883 1210 1057 1294 prorogatis
1089 1205 1222 1293 paginis,

98 1318 134 1379 ut
155 1315 336 1399 imperatori
359 1314 596 1398 supplicaretur,
620 1315 748 1381 iniunxi.
803 1317 880 1380 haec
903 1319 1053 1398 quantum
1076 1315 1114 1379 ad
1136 1333 1222 1398 prae·
1246 1313 1266 1376 6

54 1449 80 1488 10
99 1422 201 1487 sentia
219 1425 294 1487 sunt
309 1421 452 1504 prouisa;
477 1421 531 1487 sed
554 1421 618 1499 illa,
642 1441 720 1503 quae
738 1422 778 1487 ad
796 1441 884 1504 spem
901 1422 1038 1487 futuram
1057 1421 1222 1506 pertinent,

97 1528 175 1592 haec
195 1531 270 1592 sunt
286 1526 391 1609 potius
410 1526 569 1591 mentibus
588 1527 746 1594 intuenda.
771 1546 844 1592 sane
863 1527 921 1591 hoo
939 1545 990 1591 me
1008 1525 1108 1592 fateor
1123 1526 1222 1591 fuisse

97 1633 256 1708 miratum,
281 1632 365 1714 quod
386 1632 468 1696 inter
490 1631 694 1715 allegationes
718 1632 934 1717 angustiarum
960 1631 1125 1717 religiosae
1151 1651 1223 1713 pru-

99 1739 220 1804 dentiae
248 1742 373 1807 uestrae
400 1739 477 1803 haec
504 1739 609 1821 potuit
636 1757 710 1812 cura
736 1739 906 1821 subripere,
930 1732 971 1803 'ut
995 1735 1062 1814 (a)
1085 1756 1135 1802 me
1163 1736 1222 1803 snb

98 1844 337 1910 consultationis
360 1844 463 1909 colore
485 1844 639 1930 dirigendi
658 1844 696 1908 ad
715 1844 1022 1910 Thessalonicensem
1041 1843 1223 1926 episcopum

53 1983 79 2024 rs
98 1950 210 2016 solitas
239 1950 361 2015 litteras
393 1951 519 2015 licentia
549 1954 739 2034 posceretur.
781 1969 879 2035 egone
915 1950 1009 2015 huius
1040 1950 1085 2015 rei
1116 1952 1224 2014 auctor

98 2056 272 2133 existerem,
297 2076 390 2139 quam
417 2057 446 2120 si
473 2057 570 2122 inscio
597 2076 647 2121 me
676 2076 896 2141 cognoscerem
918 2056 1033 2123 factam
1056 2073 1135 2132 esse,
1158 2055 1223 2125 cnl-

96 2165 225 2244 parem?
254 2162 336 2226 absit
357 2162 420 2226 ista
442 2163 647 2244 peruersitas!
675 2162 781 2230 audite
805 2161 1010 2245 apostolicam
1033 2179 1144 2225 uocem
1167 2159 1222 2224 sed
1246 2153 1264 2216 7

95 2286 245 2349 personae
268 2287 355 2332 meae
379 2268 600 2333 conuenienter
626 2269 810 2351 aptandam:
839 2268 874 2332 si
901 2286 998 2350 quae
1026 2265 1221 2342 destruxi,

96 2374 194 2439 haec
222 2375 369 2439 iterum
396 2375 632 2453 reaedifico,
659 2374 1026 2458 praeuaricatorem
1053 2391 1109 2438 me
1138 2391 1222 2437 aon-

50 2512 78 2552 ιο
97 2480 237 2546 stitno.
275 2480 382 2557 nolite,
411 2480 550 2558 obsecro,
568 2480 617 2544 ad
645 2480 764 2546 euitata
789 2480 843 2546 uix
868 2479 967 2544 redire
995 2477 1140 2561 contagia
1166 2495 1222 2542 nec

95 2586 190 2670 pedes
222 2586 301 2662 luto,
330 2606 391 2669 quo
422 2586 619 2664 tenebantur,
647 2588 775 2651 auulsos
806 2584 970 2668 patiamini
999 2584 1082 2649 male
1113 2602 1222 2648 rursus

95 2691 248 2776 immergi.
287 2692 381 2757 sinite
405 2693 585 2777 oblitterata
614 2711 682 2757 esse
714 2690 880 2757 transacta.
919 2688 1222 2764 nemomittens

95 2817 249 2862 manum
274 2818 383 2878 suam
406 2799 444 2863 iu
469 2800 643 2863 aratrum
670 2802 708 2862 et
735 2796 942 2897 aspiciens
969 2799 1075 2861 retro
1104 2799 1222 2876 aptus

96 2907 157 2968 est
184 2923 304 2988 regno
334 2903 405 2971 dei.
442 2904 655 2987 impediuntur
683 2923 701 2968 a
730 2921 879 2987 processu
909 2901 1062 2984 propositi
1092 2896 1221 2978 itineris,
1245 2895 1265 2959 8

49 3043 77 3084 ρ,
97 3008 150 3090 qui
182 3009 302 3074 reflexis
336 3010 436 3074 oculis
468 3010 650 3094 respiciunt,
683 3009 764 3092 qnod
796 3009 984 3091 relinquunt.
1027 3027 1086 3072 non
1119 3008 1224 3075 amant

95 3115 328 3180 ecclesiasticae
351 3115 534 3199 disciplinae
558 3135 622 3194 eos,
645 3114 676 3180 in
700 3115 815 3198 quibus
833 3116 972 3179 remanet
990 3111 1140 3178 memoria
1157 3110 1224 3176 nlla

94 3219 254 3303 perfidiam
278 3225 362 3286 totos
385 3221 424 3285 ab
447 3222 621 3293 errantibus
645 3225 768 3305 oportet
790 3219 919 3299 abscidi,
944 3219 1018 3302 quia
1036 3219 1070 3283 in
1098 3222 1221 3282 tantum

94 3325 295 3390 detestabiles
324 3327 528 3391 aestimantur
555 3327 594 3391 ad
621 3330 725 3411 spreta
751 3325 926 3403 redeuntes,
949 3326 987 3388 nt
1011 3323 1123 3388 beatus
1151 3341 1222 3405 apo·

94 3433 196 3496 stolus
214 3432 327 3497 Petrus
350 3432 465 3498 melius
487 3429 552 3498 illis
575 3452 645 3498 esse
667 3431 903 3517 praedicanerit,
922 3433 1036 3496 utnon
1056 3446 1222 3513 cognosce·

180 3690 357 3755 aucuns
378 3691 410 3746 10
501 3691 533 3746 18
553 3690 611 3747 (lul.
629 3691 655 3756 2,
676 3645 749 3746 18Ι
798 3689 1012 3754 aculeata
1096 3688 1128 3742 29
1147 3686 1220 3741 Petr.

91 3777 163 3842 112,
182 3780 214 3834 21

127 3902 199 3969 laq.
214 3902 295 3956 solari
313 3918 329 3955 a
350 3901 442 3966 Tbr'cl:
459 3902 557 3956 solaria
576 3902 598 3949 V
634 3902 665 3956 13
684 3902 826 3971 subrepere
844 3899 871 3952 ο2
924 3916 940 3954 a
958 3898 1023 3954 add.
1044 3898 1070 3972 p²
1083 3933 1095 3960 ,·
1107 3899 1140 3953 14
1158 3914 1220 3952 con·

92 3989 235 4043 solacionis
258 3989 290 4056 V,
308 4004 376 4043 corr.
399 3989 485 4043 Tbc'cl-
567 3990 599 4043 16
624 4005 702 4057 quam
722 4006 749 4041 a:
773 4005 834 4056 qua¹
847 3988 874 4041 V
976 3987 1044 4041 inaio
1068 3986 1099 4050 V,
1119 4001 1186 4041 corr.
1206 4000 1220 4037 ο

93 4078 231 4132 lrabeat
253 4077 279 4131 V
311 4078 346 4131 22
364 4077 500 4147 immergit
521 4076 552 4140 V,
571 4093 674 4132 corno
710 4076 745 4131 25
762 4075 919 4146 relingunnt
940 4075 971 4141 V,
989 4090 1090 4130 corno
1126 4075 1160 4128 26
1178 4090 1238 4144 cc»

92 4166 173 4220 clesia
191 4167 258 4220 stica
281 4158 415 4232 V(ctiam
434 4182 458 4229 α,
477 4164 551 4234 quod
566 4180 660 4219 meraco
679 4171 775 4219 contro
796 4163 940 4231 Tlriclr'um)
1008 4163 1042 4217 28
1061 4161 1095 4216 ad
1114 4180 1140 4215 o:
1160 4177 1176 4216 a
1198 4161 1222 4215 V
