2902 4628
174 286 238 350 698
510 279 654 335 Hormisda
670 278 821 334 Possessori
840 280 963 348 episcopo

176 478 298 560 quando
320 477 421 555 uirus,
441 475 524 558 quod
541 475 664 540 uiscera
680 473 858 556 penetrarit,
878 473 1045 538 caeditur?
1064 472 1186 556 quando
1206 473 1297 539 corda

174 582 257 647 male
290 583 351 648 sibi
382 582 509 648 credula
539 581 682 654 ueritatis
716 581 931 664 obtemperant
962 579 1139 644 institutis?
1172 578 1295 661 quando

174 688 277 778 induit
317 687 530 753 oboedientiae
571 687 781 752 humilitatem
822 685 1021 767 opinionibus
1066 684 1132 753 suis
1177 684 1297 749 uallata

176 793 343 876 superbia?
383 792 506 874 quando
548 792 751 876 acquiescunt
771 839 773 845 ,
790 790 860 875 paci
904 791 1135 856 contentionum
1181 789 1296 856 studiis

175 898 308 976 adsueti,
349 899 418 963 sola
457 897 626 963 certamina
664 900 804 962 amantes
844 896 882 961 de
917 897 1069 981 religione
1105 900 1230 982 captare
1266 900 1336 962 ets

132 1009 152 1073 8
175 1004 322 1070 mandata
343 1005 529 1088 neglegere?
548 1022 719 1091 numquam
737 1001 819 1085 apud
838 1021 891 1068 eos
910 1003 1022 1068 caritas
1040 1022 1121 1072 nouo
1141 1022 1297 1069 commen-

178 1110 250 1175 data
271 1114 448 1193 praecepto,
472 1130 642 1193 numquam
663 1128 722 1193 pax
745 1108 899 1174 dominico
922 1109 1032 1175 relicta
1054 1108 1213 1174 discessu:
1236 1129 1299 1174 una

177 1216 345 1298 pertinacis
374 1235 448 1281 cura
474 1216 628 1298 propositi
653 1215 766 1281 rationi
794 1215 877 1280 uelle
903 1215 1065 1297 imperare,
1087 1233 1148 1280 non
1172 1213 1298 1294 cedere;

178 1324 408 1405 contemptores
437 1321 659 1397 auctoritatum
681 1323 834 1401 ueterum,
857 1339 1009 1402 nouarum
1031 1320 1138 1404 cupidi
1161 1321 1299 1404 quaesti·

178 1446 288 1496 onum:
304 1428 404 1492 solam
417 1429 564 1509 putantes
579 1427 728 1492 scientiae
741 1429 859 1492 rectam
873 1426 958 1491 uiam
967 1426 1107 1508 qnalibet
1116 1429 1299 1510 conceptam
1316 1447 1341 1484 ιι

176 1533 327 1599 facilitate
351 1532 553 1611 sententiam3
578 1551 613 1598 eo
637 1551 737 1616 nsque
759 1532 892 1598 tumoris
916 1532 999 1609 elati,
1023 1535 1060 1596 ut
1077 1516 1298 1599 ad'arbitrium

177 1632 277 1704 suum
296 1639 461 1722 utriusque
489 1639 573 1705 orbis
594 1641 707 1720 putent
727 1636 939 1704 inclinandum
963 1657 1031 1706 esse
1054 1637 1219 1716 iudicium,
1241 1656 1300 1704 nec

176 1746 208 1810 in
234 1762 362 1810 numero
389 1744 531 1809 fidelium
555 1744 740 1828 deputantes
765 1762 914 1827 sequaces
941 1743 1118 1809 traditionis
1140 1748 1299 1825 paternae,

178 1850 205 1916 si
233 1869 307 1915 suae
330 1851 466 1916 uiderint
488 1850 595 1916 cedere
617 1851 699 1917 nolle
723 1851 911 1927 sententiae;
936 1849 1020 1914 docti
1039 1849 1168 1914 crimina
1187 1868 1299 1924 serere,

177 1957 438 2022 obtrectationum
466 1975 587 2022 uenena
613 1975 806 2040 componere,
829 1957 987 2041 integrum
1011 1956 1160 2022 ecclesiae
1183 1933 1341 2038 corpns3

179 2061 291 2140 odisse,
320 2061 492 2139 seditiones
518 2062 681 2141 instruere,
709 2063 859 2127 inuidiam
888 2061 1040 2128 concitare
1068 2064 1099 2127 et
1125 2080 1180 2144 pro
1205 2061 1299 2127 oboe-

178 2166 303 2245 dientia,
344 2185 423 2249 quae
462 2167 495 2232 in
531 2168 690 2234 coenobiis
730 2168 940 2251 principatum
979 2166 1130 2252 regularis
1176 2167 1300 2232 obtinet

135 2272 371 2355 9disciplinae‚
409 2273 649 2339 obstinationem
685 2274 851 2358 pertinacis
888 2291 991 2339 amare
1027 2273 1200 2355 superbiae.
1236 2292 1299 2338 non

151 2378 250 2444 illos
281 2379 442 2459 potuimus
473 2378 611 2459 monitis,
642 2393 715 2445 non
735 2380 982 2458 mansuetudine,
1015 2397 1075 2443 non
1111 2378 1299 2444 auctoritate

179 2483 389 2565 comprimere.
430 2484 461 2548 in
502 2485 664 2568 publicum
703 2504 804 2569 usque
843 2486 984 2567 prodiere
1026 2487 1214 2550 conuentum
1261 2482 1299 2548 ad
1319 2497 1341 2538 a

179 2589 416 2654 concussionem
443 2579 558 2672 qnietis
587 2590 669 2656 circa
689 2610 799 2676 regum
822 2591 916 2656 etiam
939 2593 1059 2655 statuas
1081 2589 1302 2666 inclamantes.

177 2697 209 2757 et
243 2694 304 2759 nisi
341 2693 442 2761 fidelis
478 2696 587 2778 populi
623 2696 798 2762 constantia
828 2696 1006 2773 restitisset,
1038 2714 1094 2778 per
1125 2694 1298 2761 diabolicae

177 2799 295 2864 semina
315 2801 447 2865 nefanda
469 2801 603 2866 zizaniae
623 2801 704 2885 apud
723 2802 796 2868 illos
816 2801 1039 2867 dissensionem
1059 2804 1091 2865 st
1109 2801 1297 2865 discordiam

176 2905 431 2982 commouissent,
458 2926 514 2990 per
541 2926 618 2989 quos
647 2907 799 2973 adiutorio
828 2908 878 2972 dei
910 2908 947 2972 de
977 2907 1157 2991 regionibus
1189 2925 1295 2971 eorum

177 3013 225 3073 est
255 3010 347 3092 pulsa
378 3011 540 3077 dissensio.
573 3031 641 3077 sero
673 3010 874 3096 probauimns
906 3013 1087 3096 prophetica
1120 3013 1296 3094 apostolum
1312 3026 1336 3068 2⁶

176 3133 253 3179 uoce
281 3116 395 3182 dixisse
422 3117 453 3180 in
482 3118 665 3183 nouissimis
689 3119 799 3203 diebus
822 3119 938 3184 instare
961 3123 1101 3200 tempora
1122 3118 1299 3201 periculosa

263 3325 298 3379 26
318 3342 375 3395 sqq.
394 3324 461 3379 Tim.
479 3326 549 3390 113,
571 3328 638 3381 1-2
657 3330 685 3381 et
702 3329 718 3382 5

211 3458 223 3510 l
245 3458 392 3530 penetrarit
415 3457 450 3512 V:
467 3459 647 3528 penetrauepit
663 3460 711 3531 op,
730 3460 882 3530 penetrauit
903 3460 966 3514 Car.
1038 3458 1087 3513 dda
1108 3458 1135 3510 V
1203 3460 1227 3526 4,
1240 3461 1296 3513 stu·

175 3544 226 3598 diis
249 3545 304 3599 Vbi
324 3536 476 3617 stimulis'p
510 3540 512 3545 ’
563 3549 716 3602 5amantes
738 3546 774 3602 V:
793 3551 903 3602 suentes
920 3548 960 3618 dp
1041 3547 1073 3602 10
1091 3551 1246 3618 conceptam
1264 3533 1306 3616 bg'

175 3636 303 3702 concepta
325 3632 355 3698 V,
379 3636 565 3705 susceptamp
654 3636 686 3690 13
708 3652 848 3706 sequacem
864 3636 904 3706 dp
993 3636 1026 3689 14
1048 3652 1096 3690 sua
1119 3634 1253 3691 euiderint
1273 3636 1301 3691 V

175 3719 279 3774 eredere
297 3721 337 3791 dp
408 3720 561 3774 16·etruere
578 3722 619 3793 dp
690 3723 721 3785 17
740 3721 858 3777 cenobiis
880 3721 906 3777 V
982 3722 1089 3777 obtinet
1110 3722 1165 3778 Va:
1184 3725 1262 3778 tenet
1279 3725 1301 3795 p

176 3808 208 3861 19
226 3809 361 3878 potuimus
379 3807 441 3862 illos
460 3815 523 3878 trsp.
543 3829 562 3881 μ
639 3828 693 3870 non
712 3817 776 3866 orate
792 3815 922 3866 mansuet.
941 3827 992 3867 om.
1011 3811 1032 3865 b
1090 3808 1125 3866 21
1146 3812 1297 3867 concursio·

173 3911 234 3948 nem
259 3895 286 3944 V·
349 3895 488 3950 inclamtes
511 3896 538 3949 V
599 3899 633 3954 23
651 3899 712 3953 illos
735 3899 791 3953 Vb:
811 3917 893 3970 cosp
962 3899 1154 3955 dissensionem
1171 3900 1223 3968 bp:
1243 3898 1317 3967 dis.

174 3983 357 4051 pausationem
380 3982 406 4036 V
491 3984 526 4038 24
543 3986 696 4054 regionibus
719 3987 773 4058 Vp:
791 3975 963 4057 regioned¹
1022 4004 1110 4042 eorum
1128 3988 1179 4058 bqr:
1198 3986 1298 4042 osn.V

175 4070 209 4125 25
228 4070 358 4126 dissensio
376 4070 427 4141 dp:
446 4071 548 4126 dissent
570 4073 600 4137 V,
620 4073 652 4129 de
671 4075 709 4128 eis
730 4075 801 4140 Car„
815 4075 976 4130 (dissensio)
989 4076 1021 4130 de
1041 4077 1078 4130 eis
1096 4075 1166 4130 Bar.
1202 4076 1236 4130 26
1253 4075 1293 4128 in·

177 4159 307 4213 staretV
880 4178 881 4181 ’
