<?xml version="1.0" encoding="UTF-8"?>
<!DOCTYPE html PUBLIC "-//W3C//DTD XHTML 1.0 Transitional//EN"
    "http://www.w3.org/TR/xhtml1/DTD/xhtml1-transitional.dtd">
<html xmlns="http://www.w3.org/1999/xhtml" xml:lang="en" lang="en">
 <head>
  <title>
</title>
<meta http-equiv="Content-Type" content="text/html;charset=utf-8" />
  <meta name='ocr-system' content='tesseract 3.04.00' />
  <meta name='ocr-capabilities' content='ocr_page ocr_carea ocr_par ocr_line ocrx_word'/>
</head>
<body>
  <div class='ocr_page' id='page_1' title='image "./epistulaeimpera00gngoog_0264.png"; bbox 0 0 2864 4620; ppageno 0'>
   <div class='ocr_carea' id='block_1_1' title="bbox 520 308 1341 380">
    <p class='ocr_par' dir='ltr' id='par_1_1' title="bbox 520 308 1341 380">
     <span class='ocr_line' id='line_1_1' title="bbox 520 308 1341 380; baseline 0.021 -17"><span class='ocrx_word' id='word_1_1' title='bbox 520 309 607 380; x_wconf 76' lang='lat' dir='ltr'>Epist.</span> <span class='ocrx_word' id='word_1_2' title='bbox 627 308 823 365; x_wconf 83' lang='lat' dir='ltr'>ccxxxxuu</span> <span class='ocrx_word' id='word_1_3' title='bbox 841 311 936 365; x_wconf 87' lang='lat' dir='ltr'>e-ro.</span> <span class='ocrx_word' id='word_1_4' title='bbox 993 323 995 328; x_wconf 48' lang='lat'><strong><em>⁴</em></strong></span> <span class='ocrx_word' id='word_1_5' title='bbox 1222 313 1285 380; x_wconf 75' lang='lat'>747</span> <span class='ocrx_word' id='word_1_6' title='bbox 1339 377 1341 380; x_wconf 15' lang='lat'><em>⁴</em></span> 
     </span>
    </p>
   </div>
   <div class='ocr_carea' id='block_1_2' title="bbox 115 497 1360 3450">
    <p class='ocr_par' dir='ltr' id='par_1_2' title="bbox 115 497 1360 3450">
     <span class='ocr_line' id='line_1_2' title="bbox 205 497 1360 587; baseline 0.007 -18"><span class='ocrx_word' id='word_1_7' title='bbox 205 524 245 569; x_wconf 83' lang='lat' dir='ltr'>aa</span> <span class='ocrx_word' id='word_1_8' title='bbox 268 523 381 568; x_wconf 77' lang='lat' dir='ltr'>anema</span> <span class='ocrx_word' id='word_1_9' title='bbox 406 497 579 577; x_wconf 74' lang='lat' dir='ltr'>arnasano,</span> <span class='ocrx_word' id='word_1_10' title='bbox 609 573 610 576; x_wconf 8' lang='grc' dir='ltr'><strong>Ἴ</strong></span> <span class='ocrx_word' id='word_1_11' title='bbox 648 503 848 587; x_wconf 75' lang='lat' dir='ltr'>smaragdus,</span> <span class='ocrx_word' id='word_1_12' title='bbox 868 502 920 586; x_wconf 91' lang='lat' dir='ltr'>qui</span> <span class='ocrx_word' id='word_1_13' title='bbox 940 506 971 568; x_wconf 85' lang='lat' dir='ltr'>et</span> <span class='ocrx_word' id='word_1_14' title='bbox 987 503 1154 586; x_wconf 80' lang='lat' dir='ltr'>praeimus,</span> <span class='ocrx_word' id='word_1_15' title='bbox 1173 504 1285 571; x_wconf 85' lang='lat' dir='ltr'>uiridis</span> <span class='ocrx_word' id='word_1_16' title='bbox 1298 512 1338 576; x_wconf 85' lang='lat'>12</span> <span class='ocrx_word' id='word_1_17' title='bbox 1358 539 1360 541; x_wconf 94' lang='lat'>·</span> 
     </span>
     <span class='ocr_line' id='line_1_3' title="bbox 162 605 1285 694; baseline 0 -19"><span class='ocrx_word' id='word_1_18' title='bbox 162 613 211 675; x_wconf 87' lang='lat' dir='ltr'>eet</span> <span class='ocrx_word' id='word_1_19' title='bbox 242 609 368 694; x_wconf 88' lang='lat' dir='ltr'>speciei.</span> <span class='ocrx_word' id='word_1_20' title='bbox 401 611 452 673; x_wconf 84' lang='lat' dir='ltr'>eet</span> <span class='ocrx_word' id='word_1_21' title='bbox 481 612 587 673; x_wconf 87' lang='lat' dir='ltr'>autem</span> <span class='ocrx_word' id='word_1_22' title='bbox 617 608 657 676; x_wconf 81' lang='lat' dir='ltr'>ia</span> <span class='ocrx_word' id='word_1_23' title='bbox 683 608 729 675; x_wconf 90' lang='lat' dir='ltr'>eis</span> <span class='ocrx_word' id='word_1_24' title='bbox 761 605 913 692; x_wconf 80' lang='lat' dir='ltr'><strong>quaedam</strong></span> <span class='ocrx_word' id='word_1_25' title='bbox 945 608 1134 686; x_wconf 80' lang='lat' dir='ltr'>differentia3</span> <span class='ocrx_word' id='word_1_26' title='bbox 1163 610 1285 693; x_wconf 87' lang='lat' dir='ltr'>aliquos</span> 
     </span>
     <span class='ocr_line' id='line_1_4' title="bbox 162 712 1285 797; baseline -0.001 -16"><span class='ocrx_word' id='word_1_27' title='bbox 162 715 244 781; x_wconf 89' lang='lat' dir='ltr'>enim</span> <span class='ocrx_word' id='word_1_28' title='bbox 272 715 466 781; x_wconf 89' lang='lat' dir='ltr'>Neronianos</span> <span class='ocrx_word' id='word_1_29' title='bbox 494 716 619 792; x_wconf 86' lang='lat' dir='ltr'>uocant,</span> <span class='ocrx_word' id='word_1_30' title='bbox 647 712 769 797; x_wconf 88' lang='lat' dir='ltr'>aliquos</span> <span class='ocrx_word' id='word_1_31' title='bbox 792 713 998 779; x_wconf 87' lang='lat' dir='ltr'>Domitianos.</span> <span class='ocrx_word' id='word_1_32' title='bbox 1032 718 1064 780; x_wconf 87' lang='lat' dir='ltr'>et</span> <span class='ocrx_word' id='word_1_33' title='bbox 1089 715 1285 780; x_wconf 88' lang='lat' dir='ltr'>Neronianus</span> 
     </span>
     <span class='ocr_line' id='line_1_5' title="bbox 161 819 1285 904; baseline -0.001 -18"><span class='ocrx_word' id='word_1_34' title='bbox 161 821 289 904; x_wconf 90' lang='lat' dir='ltr'>quidem</span> <span class='ocrx_word' id='word_1_35' title='bbox 315 820 396 903; x_wconf 86' lang='lat' dir='ltr'>lapis</span> <span class='ocrx_word' id='word_1_36' title='bbox 425 839 548 885; x_wconf 89' lang='lat' dir='ltr'>amarus</span> <span class='ocrx_word' id='word_1_37' title='bbox 577 823 635 898; x_wconf 88' lang='lat' dir='ltr'>est,</span> <span class='ocrx_word' id='word_1_38' title='bbox 663 819 767 904; x_wconf 89' lang='lat' dir='ltr'>specie</span> <span class='ocrx_word' id='word_1_39' title='bbox 793 820 887 885; x_wconf 88' lang='lat' dir='ltr'>ualde</span> <span class='ocrx_word' id='word_1_40' title='bbox 914 820 1036 898; x_wconf 88' lang='lat' dir='ltr'>uiridis,</span> <span class='ocrx_word' id='word_1_41' title='bbox 1060 821 1226 904; x_wconf 77' lang='lat' dir='ltr'>splendens</span> <span class='ocrx_word' id='word_1_42' title='bbox 1249 840 1285 886; x_wconf 87' lang='lat' dir='ltr'>ae</span> 
     </span>
     <span class='ocr_line' id='line_1_6' title="bbox 128 925 1285 1009; baseline 0.003 -20"><span class='ocrx_word' id='word_1_43' title='bbox 128 927 299 992; x_wconf 79' lang='lat' dir='ltr'>ambraus.</span> <span class='ocrx_word' id='word_1_44' title='bbox 338 926 487 1008; x_wconf 90' lang='lat' dir='ltr'>appellari</span> <span class='ocrx_word' id='word_1_45' title='bbox 521 944 596 991; x_wconf 90' lang='lat' dir='ltr'>uero</span> <span class='ocrx_word' id='word_1_46' title='bbox 632 925 845 991; x_wconf 90' lang='lat' dir='ltr'>Neronianum</span> <span class='ocrx_word' id='word_1_47' title='bbox 882 929 1009 1009; x_wconf 88' lang='lat' dir='ltr'>propter</span> <span class='ocrx_word' id='word_1_48' title='bbox 1044 926 1123 992; x_wconf 88' lang='lat' dir='ltr'>hanc</span> <span class='ocrx_word' id='word_1_49' title='bbox 1159 945 1285 993; x_wconf 82' lang='lat' dir='ltr'>carneam</span> 
     </span>
     <span class='ocr_line' id='line_1_7' title="bbox 160 1031 1286 1117; baseline 0.001 -21"><span class='ocrx_word' id='word_1_50' title='bbox 160 1033 308 1111; x_wconf 86' lang='lat' dir='ltr'>referunt,</span> <span class='ocrx_word' id='word_1_51' title='bbox 332 1033 416 1117; x_wconf 88' lang='lat' dir='ltr'>quod</span> <span class='ocrx_word' id='word_1_52' title='bbox 440 1032 657 1114; x_wconf 81' lang='lat' dir='ltr'><strong>imperatorem</strong></span> <span class='ocrx_word' id='word_1_53' title='bbox 676 1031 832 1098; x_wconf 85' lang='lat' dir='ltr'>Neronem</span> <span class='ocrx_word' id='word_1_54' title='bbox 851 1035 963 1114; x_wconf 87' lang='lat' dir='ltr'>putant</span> <span class='ocrx_word' id='word_1_55' title='bbox 982 1033 1050 1097; x_wconf 94' lang='lat' dir='ltr'>oleo</span> <span class='ocrx_word' id='word_1_56' title='bbox 1070 1032 1173 1115; x_wconf 80' lang='lat' dir='ltr'><strong>Spano</strong></span> <span class='ocrx_word' id='word_1_57' title='bbox 1192 1033 1286 1098; x_wconf 92' lang='lat' dir='ltr'>uiridi</span> 
     </span>
     <span class='ocr_line' id='line_1_8' title="bbox 159 1138 1285 1223; baseline 0 -19"><span class='ocrx_word' id='word_1_58' title='bbox 159 1141 213 1204; x_wconf 91' lang='lat' dir='ltr'>uel</span> <span class='ocrx_word' id='word_1_59' title='bbox 231 1140 402 1222; x_wconf 82' lang='lat' dir='ltr'>Libyrtiuo,</span> <span class='ocrx_word' id='word_1_60' title='bbox 426 1139 481 1202; x_wconf 87' lang='lat' dir='ltr'>alii</span> <span class='ocrx_word' id='word_1_61' title='bbox 503 1157 578 1204; x_wconf 89' lang='lat' dir='ltr'>uero</span> <span class='ocrx_word' id='word_1_62' title='bbox 601 1138 711 1203; x_wconf 87' lang='lat' dir='ltr'>dicunt</span> <span class='ocrx_word' id='word_1_63' title='bbox 725 1139 936 1223; x_wconf 83' lang='lat' dir='ltr'>amygdalino,</span> <span class='ocrx_word' id='word_1_64' title='bbox 956 1139 1010 1204; x_wconf 92' lang='lat' dir='ltr'>alii</span> <span class='ocrx_word' id='word_1_65' title='bbox 1026 1139 1145 1216; x_wconf 86' lang='lat' dir='ltr'>susino,</span> <span class='ocrx_word' id='word_1_66' title='bbox 1163 1157 1285 1223; x_wconf 88' lang='lat' dir='ltr'>praeoe-</span> 
     </span>
     <span class='ocr_line' id='line_1_9' title="bbox 160 1243 1336 1330; baseline -0.001 -19"><span class='ocrx_word' id='word_1_67' title='bbox 160 1246 246 1329; x_wconf 88' lang='lat' dir='ltr'>pisse</span> <span class='ocrx_word' id='word_1_68' title='bbox 264 1250 402 1311; x_wconf 90' lang='lat' dir='ltr'>montem</span> <span class='ocrx_word' id='word_1_69' title='bbox 419 1245 536 1330; x_wconf 85' lang='lat' dir='ltr'>rigare;</span> <span class='ocrx_word' id='word_1_70' title='bbox 556 1243 611 1309; x_wconf 89' lang='lat' dir='ltr'>alii</span> <span class='ocrx_word' id='word_1_71' title='bbox 629 1263 703 1310; x_wconf 90' lang='lat' dir='ltr'>uero</span> <span class='ocrx_word' id='word_1_72' title='bbox 722 1262 929 1328; x_wconf 82' lang='lat' dir='ltr'>nequaquam,</span> <span class='ocrx_word' id='word_1_73' title='bbox 950 1244 1004 1309; x_wconf 91' lang='lat' dir='ltr'>sed</span> <span class='ocrx_word' id='word_1_74' title='bbox 1025 1245 1112 1309; x_wconf 87' lang='lat' dir='ltr'>aiunt</span> <span class='ocrx_word' id='word_1_75' title='bbox 1129 1244 1284 1311; x_wconf 89' lang='lat' dir='ltr'>Neronem</span> <span class='ocrx_word' id='word_1_76' title='bbox 1296 1256 1336 1320; x_wconf 87' lang='lat'>13</span> 
     </span>
     <span class='ocr_line' id='line_1_10' title="bbox 160 1350 1284 1430; baseline 0.001 -15"><span class='ocrx_word' id='word_1_77' title='bbox 160 1353 213 1416; x_wconf 91' lang='lat' dir='ltr'>uel</span> <span class='ocrx_word' id='word_1_78' title='bbox 246 1351 463 1416; x_wconf 87' lang='lat' dir='ltr'>Domitianum</span> <span class='ocrx_word' id='word_1_79' title='bbox 494 1351 599 1416; x_wconf 88' lang='lat' dir='ltr'>oleum</span> <span class='ocrx_word' id='word_1_80' title='bbox 629 1351 661 1416; x_wconf 89' lang='lat' dir='ltr'>in</span> <span class='ocrx_word' id='word_1_81' title='bbox 694 1350 780 1415; x_wconf 87' lang='lat' dir='ltr'>uasis</span> <span class='ocrx_word' id='word_1_82' title='bbox 813 1350 916 1421; x_wconf 86' lang='lat' dir='ltr'>aeneis</span> <span class='ocrx_word' id='word_1_83' title='bbox 942 1350 1089 1416; x_wconf 90' lang='lat' dir='ltr'>Nioaenis</span> <span class='ocrx_word' id='word_1_84' title='bbox 1116 1350 1284 1430; x_wconf 82' lang='lat' dir='ltr'>inmittere,</span> 
     </span>
     <span class='ocr_line' id='line_1_11' title="bbox 118 1456 1284 1542; baseline 0.003 -24"><span class='ocrx_word' id='word_1_85' title='bbox 118 1480 144 1520; x_wconf 78' lang='lat' dir='ltr'>ro</span> <span class='ocrx_word' id='word_1_86' title='bbox 162 1457 246 1540; x_wconf 91' lang='lat' dir='ltr'>quod</span> <span class='ocrx_word' id='word_1_87' title='bbox 269 1465 305 1521; x_wconf 75' lang='lat' dir='ltr'>ex·</span> <span class='ocrx_word' id='word_1_88' title='bbox 327 1457 407 1522; x_wconf 88' lang='lat' dir='ltr'>aeris</span> <span class='ocrx_word' id='word_1_89' title='bbox 429 1457 531 1540; x_wconf 89' lang='lat' dir='ltr'>ipsius</span> <span class='ocrx_word' id='word_1_90' title='bbox 555 1457 701 1542; x_wconf 86' lang='lat' dir='ltr'>aerugine</span> <span class='ocrx_word' id='word_1_91' title='bbox 724 1476 779 1539; x_wconf 91' lang='lat' dir='ltr'>per</span> <span class='ocrx_word' id='word_1_92' title='bbox 800 1459 926 1540; x_wconf 88' lang='lat' dir='ltr'>tempus</span> <span class='ocrx_word' id='word_1_93' title='bbox 948 1456 1160 1533; x_wconf 86' lang='lat' dir='ltr'>uirideeeeret,</span> <span class='ocrx_word' id='word_1_94' title='bbox 1184 1457 1284 1522; x_wconf 84' lang='lat' dir='ltr'>etsie</span> 
     </span>
     <span class='ocr_line' id='line_1_12' title="bbox 161 1562 1284 1646; baseline -0.001 -17"><span class='ocrx_word' id='word_1_95' title='bbox 161 1584 196 1629; x_wconf 85' lang='lat' dir='ltr'>er</span> <span class='ocrx_word' id='word_1_96' title='bbox 220 1583 256 1629; x_wconf 89' lang='lat' dir='ltr'>eo</span> <span class='ocrx_word' id='word_1_97' title='bbox 279 1566 418 1629; x_wconf 88' lang='lat' dir='ltr'>montem</span> <span class='ocrx_word' id='word_1_98' title='bbox 439 1563 541 1646; x_wconf 82' lang='lat' dir='ltr'>rigare</span> <span class='ocrx_word' id='word_1_99' title='bbox 563 1565 746 1646; x_wconf 91' lang='lat' dir='ltr'>petramque</span> <span class='ocrx_word' id='word_1_100' title='bbox 768 1562 992 1646; x_wconf 74' lang='lat' dir='ltr'>suscipientem</span> <span class='ocrx_word' id='word_1_101' title='bbox 1010 1563 1071 1628; x_wconf 86' lang='lat' dir='ltr'>hoe</span> <span class='ocrx_word' id='word_1_102' title='bbox 1089 1563 1194 1628; x_wconf 92' lang='lat' dir='ltr'>oleum</span> <span class='ocrx_word' id='word_1_103' title='bbox 1212 1564 1284 1646; x_wconf 92' lang='lat' dir='ltr'>plus</span> 
     </span>
     <span class='ocr_line' id='line_1_13' title="bbox 159 1668 1296 1756; baseline -0.004 -20"><span class='ocrx_word' id='word_1_104' title='bbox 159 1673 192 1737; x_wconf 91' lang='lat' dir='ltr'>iu</span> <span class='ocrx_word' id='word_1_105' title='bbox 219 1670 380 1735; x_wconf 87' lang='lat' dir='ltr'>uiriditate</span> <span class='ocrx_word' id='word_1_106' title='bbox 407 1672 501 1751; x_wconf 86' lang='lat' dir='ltr'>atque</span> <span class='ocrx_word' id='word_1_107' title='bbox 523 1668 748 1751; x_wconf 81' lang='lat' dir='ltr'>perspicuitate</span> <span class='ocrx_word' id='word_1_108' title='bbox 770 1668 949 1744; x_wconf 87' lang='lat' dir='ltr'>florescere;</span> <span class='ocrx_word' id='word_1_109' title='bbox 973 1668 1028 1733; x_wconf 89' lang='lat' dir='ltr'>alii</span> <span class='ocrx_word' id='word_1_110' title='bbox 1049 1687 1123 1733; x_wconf 91' lang='lat' dir='ltr'>uero</span> <span class='ocrx_word' id='word_1_111' title='bbox 1145 1668 1296 1756; x_wconf 86' lang='lat' dir='ltr'>minime,</span> 
     </span>
     <span class='ocr_line' id='line_1_14' title="bbox 161 1772 1283 1857; baseline -0.004 -15"><span class='ocrx_word' id='word_1_112' title='bbox 161 1777 216 1842; x_wconf 90' lang='lat' dir='ltr'>sed</span> <span class='ocrx_word' id='word_1_113' title='bbox 244 1778 392 1841; x_wconf 86' lang='lat' dir='ltr'>uocatum</span> <span class='ocrx_word' id='word_1_114' title='bbox 419 1775 519 1838; x_wconf 86' lang='lat' dir='ltr'>fuisse</span> <span class='ocrx_word' id='word_1_115' title='bbox 545 1772 701 1840; x_wconf 86' lang='lat' dir='ltr'>Neronem</span> <span class='ocrx_word' id='word_1_116' title='bbox 729 1774 882 1857; x_wconf 90' lang='lat' dir='ltr'>quendam</span> <span class='ocrx_word' id='word_1_117' title='bbox 914 1777 1089 1842; x_wconf 85' lang='lat' dir='ltr'>memorant</span> <span class='ocrx_word' id='word_1_118' title='bbox 1119 1774 1283 1856; x_wconf 88' lang='lat' dir='ltr'>antiquum</span> 
     </span>
     <span class='ocr_line' id='line_1_15' title="bbox 161 1879 1285 1965; baseline -0.003 -18"><span class='ocrx_word' id='word_1_119' title='bbox 161 1883 235 1947; x_wconf 87' lang='lat' dir='ltr'>artis</span> <span class='ocrx_word' id='word_1_120' title='bbox 263 1880 399 1964; x_wconf 90' lang='lat' dir='ltr'>pinariae</span> <span class='ocrx_word' id='word_1_121' title='bbox 428 1879 676 1945; x_wconf 83' lang='lat' dir='ltr'>scientissimum</span> <span class='ocrx_word' id='word_1_122' title='bbox 699 1883 731 1945; x_wconf 90' lang='lat' dir='ltr'>et</span> <span class='ocrx_word' id='word_1_123' title='bbox 752 1881 784 1945; x_wconf 93' lang='lat' dir='ltr'>in</span> <span class='ocrx_word' id='word_1_124' title='bbox 808 1879 989 1945; x_wconf 89' lang='lat' dir='ltr'>huiusmodi</span> <span class='ocrx_word' id='word_1_125' title='bbox 1011 1879 1151 1964; x_wconf 90' lang='lat' dir='ltr'>lapidum</span> <span class='ocrx_word' id='word_1_126' title='bbox 1173 1879 1285 1965; x_wconf 86' lang='lat' dir='ltr'>peritia</span> 
     </span>
     <span class='ocr_line' id='line_1_16' title="bbox 117 1984 1283 2070; baseline 0.003 -22"><span class='ocrx_word' id='word_1_127' title='bbox 117 1988 250 2053; x_wconf 75' lang='lat' dir='ltr'>rotraldo</span> <span class='ocrx_word' id='word_1_128' title='bbox 283 1987 459 2064; x_wconf 88' lang='lat' dir='ltr'>callentem,</span> <span class='ocrx_word' id='word_1_129' title='bbox 492 1985 547 2068; x_wconf 87' lang='lat' dir='ltr'>qui</span> <span class='ocrx_word' id='word_1_130' title='bbox 578 1985 739 2052; x_wconf 85' lang='lat' dir='ltr'>adiuuerit</span> <span class='ocrx_word' id='word_1_131' title='bbox 768 1986 848 2051; x_wconf 88' lang='lat' dir='ltr'>hanc</span> <span class='ocrx_word' id='word_1_132' title='bbox 884 1984 1041 2070; x_wconf 84' lang='lat' dir='ltr'>smaragdi</span> <span class='ocrx_word' id='word_1_133' title='bbox 1077 1985 1283 2051; x_wconf 82' lang='lat' dir='ltr'>neeessariam</span> 
     </span>
     <span class='ocr_line' id='line_1_17' title="bbox 160 2088 1335 2177; baseline -0.004 -17"><span class='ocrx_word' id='word_1_134' title='bbox 160 2094 308 2177; x_wconf 90' lang='lat' dir='ltr'>speciem,</span> <span class='ocrx_word' id='word_1_135' title='bbox 339 2095 371 2158; x_wconf 91' lang='lat' dir='ltr'>et</span> <span class='ocrx_word' id='word_1_136' title='bbox 400 2112 437 2156; x_wconf 82' lang='lat' dir='ltr'>ex</span> <span class='ocrx_word' id='word_1_137' title='bbox 463 2092 532 2174; x_wconf 88' lang='lat' dir='ltr'>ipso</span> <span class='ocrx_word' id='word_1_138' title='bbox 560 2088 771 2157; x_wconf 89' lang='lat' dir='ltr'>Neronianum</span> <span class='ocrx_word' id='word_1_139' title='bbox 794 2091 940 2177; x_wconf 88' lang='lat' dir='ltr'>primitus</span> <span class='ocrx_word' id='word_1_140' title='bbox 964 2092 1124 2174; x_wconf 85' lang='lat' dir='ltr'>appellari.</span> <span class='ocrx_word' id='word_1_141' title='bbox 1148 2109 1184 2156; x_wconf 91' lang='lat' dir='ltr'>eo</span> <span class='ocrx_word' id='word_1_142' title='bbox 1206 2107 1335 2170; x_wconf 82' lang='lat' dir='ltr'>uer014</span> 
     </span>
     <span class='ocr_line' id='line_1_18' title="bbox 158 2181 1282 2280; baseline -0.004 -16"><span class='ocrx_word' id='word_1_143' title='bbox 158 2200 262 2277; x_wconf 88' lang='lat' dir='ltr'>modo,</span> <span class='ocrx_word' id='word_1_144' title='bbox 291 2217 351 2280; x_wconf 92' lang='lat' dir='ltr'>quo</span> <span class='ocrx_word' id='word_1_145' title='bbox 380 2198 514 2262; x_wconf 78' lang='lat' dir='ltr'>diximus</span> <span class='ocrx_word' id='word_1_146' title='bbox 543 2192 580 2262; x_wconf 92' lang='lat' dir='ltr'>de</span> <span class='ocrx_word' id='word_1_147' title='bbox 608 2197 801 2276; x_wconf 87' lang='lat' dir='ltr'>Neronianis,</span> <span class='ocrx_word' id='word_1_148' title='bbox 831 2199 862 2263; x_wconf 86' lang='lat' dir='ltr'>et</span> <span class='ocrx_word' id='word_1_149' title='bbox 890 2197 927 2262; x_wconf 93' lang='lat' dir='ltr'>de</span> <span class='ocrx_word' id='word_1_150' title='bbox 954 2197 1142 2279; x_wconf 83' lang='lat' dir='ltr'>Domitianis</span> <span class='ocrx_word' id='word_1_151' title='bbox 1175 2181 1282 2268; x_wconf 83' lang='lat' dir='ltr'>aduer-</span> 
     </span>
     <span class='ocr_line' id='line_1_19' title="bbox 159 2294 1281 2388; baseline -0.004 -18"><span class='ocrx_word' id='word_1_152' title='bbox 159 2305 287 2370; x_wconf 90' lang='lat' dir='ltr'>tendum</span> <span class='ocrx_word' id='word_1_153' title='bbox 307 2307 365 2371; x_wconf 87' lang='lat' dir='ltr'>eet.</span> <span class='ocrx_word' id='word_1_154' title='bbox 384 2303 445 2368; x_wconf 85' lang='lat' dir='ltr'>fuit</span> <span class='ocrx_word' id='word_1_155' title='bbox 463 2303 545 2367; x_wconf 91' lang='lat' dir='ltr'>enim</span> <span class='ocrx_word' id='word_1_156' title='bbox 564 2303 763 2368; x_wconf 87' lang='lat' dir='ltr'>Domitianus</span> <span class='ocrx_word' id='word_1_157' title='bbox 782 2305 949 2388; x_wconf 87' lang='lat' dir='ltr'>imperator</span> <span class='ocrx_word' id='word_1_158' title='bbox 966 2294 1039 2385; x_wconf 87' lang='lat' dir='ltr'>post</span> <span class='ocrx_word' id='word_1_159' title='bbox 1052 2301 1281 2386; x_wconf 84' lang='lat' dir='ltr'>Uespasianum</span> 
     </span>
     <span class='ocr_line' id='line_1_20' title="bbox 160 2408 1281 2492; baseline -0.003 -17"><span class='ocrx_word' id='word_1_160' title='bbox 160 2419 192 2475; x_wconf 89' lang='lat' dir='ltr'>et</span> <span class='ocrx_word' id='word_1_161' title='bbox 205 2411 341 2474; x_wconf 76' lang='lat' dir='ltr'>fratrem</span> <span class='ocrx_word' id='word_1_162' title='bbox 360 2428 453 2474; x_wconf 89' lang='lat' dir='ltr'>suum</span> <span class='ocrx_word' id='word_1_163' title='bbox 472 2408 589 2486; x_wconf 83' lang='lat' dir='ltr'>Titum,</span> <span class='ocrx_word' id='word_1_164' title='bbox 610 2410 663 2492; x_wconf 89' lang='lat' dir='ltr'>qui</span> <span class='ocrx_word' id='word_1_165' title='bbox 681 2411 827 2474; x_wconf 84' lang='lat' dir='ltr'>uastabat</span> <span class='ocrx_word' id='word_1_166' title='bbox 844 2409 1107 2492; x_wconf 84' lang='lat' dir='ltr'>Hierosolymam.</span> <span class='ocrx_word' id='word_1_167' title='bbox 1126 2411 1281 2473; x_wconf 84' lang='lat' dir='ltr'>amatores</span> 
     </span>
     <span class='ocr_line' id='line_1_21' title="bbox 116 2513 1281 2598; baseline -0.002 -18"><span class='ocrx_word' id='word_1_168' title='bbox 116 2538 142 2580; x_wconf 78' lang='lat' dir='ltr'>ro</span> <span class='ocrx_word' id='word_1_169' title='bbox 159 2522 264 2582; x_wconf 89' lang='lat' dir='ltr'>autem</span> <span class='ocrx_word' id='word_1_170' title='bbox 290 2528 442 2581; x_wconf 85' lang='lat' dir='ltr'>uenarum</span> <span class='ocrx_word' id='word_1_171' title='bbox 469 2534 575 2579; x_wconf 91' lang='lat' dir='ltr'>rerum</span> <span class='ocrx_word' id='word_1_172' title='bbox 602 2515 636 2580; x_wconf 93' lang='lat' dir='ltr'>hi</span> <span class='ocrx_word' id='word_1_173' title='bbox 662 2516 818 2598; x_wconf 88' lang='lat' dir='ltr'>principes</span> <span class='ocrx_word' id='word_1_174' title='bbox 846 2515 1025 2592; x_wconf 85' lang='lat' dir='ltr'>extiterunt,</span> <span class='ocrx_word' id='word_1_175' title='bbox 1053 2513 1135 2579; x_wconf 89' lang='lat' dir='ltr'>Nero</span> <span class='ocrx_word' id='word_1_176' title='bbox 1156 2515 1281 2580; x_wconf 84' lang='lat' dir='ltr'>seilicet</span> 
     </span>
     <span class='ocr_line' id='line_1_22' title="bbox 159 2619 1332 2706; baseline -0.003 -18"><span class='ocrx_word' id='word_1_177' title='bbox 159 2629 253 2706; x_wconf 90' lang='lat' dir='ltr'>atque</span> <span class='ocrx_word' id='word_1_178' title='bbox 279 2621 489 2687; x_wconf 88' lang='lat' dir='ltr'>Domitianus.</span> <span class='ocrx_word' id='word_1_179' title='bbox 562 2626 636 2686; x_wconf 89' lang='lat' dir='ltr'>sunt</span> <span class='ocrx_word' id='word_1_180' title='bbox 663 2625 695 2686; x_wconf 86' lang='lat' dir='ltr'>et</span> <span class='ocrx_word' id='word_1_181' title='bbox 721 2622 775 2686; x_wconf 90' lang='lat' dir='ltr'>alii</span> <span class='ocrx_word' id='word_1_182' title='bbox 803 2622 969 2706; x_wconf 86' lang='lat' dir='ltr'>smaragdi,</span> <span class='ocrx_word' id='word_1_183' title='bbox 996 2641 1077 2686; x_wconf 87' lang='lat' dir='ltr'>unus</span> <span class='ocrx_word' id='word_1_184' title='bbox 1101 2620 1227 2703; x_wconf 89' lang='lat' dir='ltr'>quidem</span> <span class='ocrx_word' id='word_1_185' title='bbox 1249 2619 1280 2684; x_wconf 90' lang='lat' dir='ltr'>in</span> <span class='ocrx_word' id='word_1_186' title='bbox 1293 2631 1332 2695; x_wconf 89' lang='lat'>15</span> 
     </span>
     <span class='ocr_line' id='line_1_23' title="bbox 156 2726 1280 2808; baseline -0.002 -15"><span class='ocrx_word' id='word_1_187' title='bbox 156 2728 246 2794; x_wconf 88' lang='lat' dir='ltr'>India</span> <span class='ocrx_word' id='word_1_188' title='bbox 276 2727 370 2792; x_wconf 90' lang='lat' dir='ltr'>nimis</span> <span class='ocrx_word' id='word_1_189' title='bbox 401 2727 575 2792; x_wconf 88' lang='lat' dir='ltr'>Neroniano</span> <span class='ocrx_word' id='word_1_190' title='bbox 609 2727 792 2807; x_wconf 89' lang='lat' dir='ltr'>consimilis,</span> <span class='ocrx_word' id='word_1_191' title='bbox 825 2727 902 2793; x_wconf 84' lang='lat' dir='ltr'>alter</span> <span class='ocrx_word' id='word_1_192' title='bbox 933 2746 1007 2791; x_wconf 92' lang='lat' dir='ltr'>uero</span> <span class='ocrx_word' id='word_1_193' title='bbox 1043 2728 1075 2790; x_wconf 90' lang='lat' dir='ltr'>in</span> <span class='ocrx_word' id='word_1_194' title='bbox 1103 2726 1280 2808; x_wconf 79' lang='lat' dir='ltr'>Aethiopia.</span> 
     </span>
     <span class='ocr_line' id='line_1_24' title="bbox 158 2831 1280 2916; baseline -0.004 -18"><span class='ocrx_word' id='word_1_195' title='bbox 158 2835 212 2916; x_wconf 91' lang='lat' dir='ltr'>qui</span> <span class='ocrx_word' id='word_1_196' title='bbox 248 2836 280 2898; x_wconf 91' lang='lat' dir='ltr'>et</span> <span class='ocrx_word' id='word_1_197' title='bbox 314 2833 347 2896; x_wconf 93' lang='lat' dir='ltr'>in</span> <span class='ocrx_word' id='word_1_198' title='bbox 383 2831 501 2897; x_wconf 89' lang='lat' dir='ltr'>Phison</span> <span class='ocrx_word' id='word_1_199' title='bbox 537 2833 666 2897; x_wconf 87' lang='lat' dir='ltr'>flumine</span> <span class='ocrx_word' id='word_1_200' title='bbox 701 2836 864 2915; x_wconf 89' lang='lat' dir='ltr'>reperitur.</span> <span class='ocrx_word' id='word_1_201' title='bbox 900 2831 982 2898; x_wconf 89' lang='lat' dir='ltr'>unde</span> <span class='ocrx_word' id='word_1_202' title='bbox 1019 2831 1126 2896; x_wconf 89' lang='lat' dir='ltr'>diuina</span> <span class='ocrx_word' id='word_1_203' title='bbox 1157 2849 1280 2913; x_wconf 87' lang='lat' dir='ltr'>quoque</span> 
     </span>
     <span class='ocr_line' id='line_1_25' title="bbox 158 2936 1281 3022; baseline -0.004 -17"><span class='ocrx_word' id='word_1_204' title='bbox 158 2940 314 3021; x_wconf 85' lang='lat' dir='ltr'>scriptura</span> <span class='ocrx_word' id='word_1_205' title='bbox 345 2938 481 3003; x_wconf 88' lang='lat' dir='ltr'>sermoni</span> <span class='ocrx_word' id='word_1_206' title='bbox 512 2941 618 3004; x_wconf 87' lang='lat' dir='ltr'>nostro</span> <span class='ocrx_word' id='word_1_207' title='bbox 652 2939 797 3022; x_wconf 85' lang='lat' dir='ltr'>congruit</span> <span class='ocrx_word' id='word_1_208' title='bbox 833 2938 956 3003; x_wconf 88' lang='lat' dir='ltr'>dicens:</span> <span class='ocrx_word' id='word_1_209' title='bbox 992 2938 1156 3014; x_wconf 64' lang='lat' dir='ltr'>Phison,</span> <span class='ocrx_word' id='word_1_210' title='bbox 1193 2936 1281 3020; x_wconf 91' lang='lat' dir='ltr'>ipse</span> 
     </span>
     <span class='ocr_line' id='line_1_26' title="bbox 115 3043 1283 3124; baseline -0.002 -16"><span class='ocrx_word' id='word_1_211' title='bbox 115 3068 140 3108; x_wconf 72' lang='lat' dir='ltr'>aa</span> <span class='ocrx_word' id='word_1_212' title='bbox 159 3049 237 3123; x_wconf 90' lang='lat' dir='ltr'>est,</span> <span class='ocrx_word' id='word_1_213' title='bbox 257 3045 325 3124; x_wconf 88' lang='lat' dir='ltr'>qui</span> <span class='ocrx_word' id='word_1_214' title='bbox 340 3044 490 3109; x_wconf 87' lang='lat' dir='ltr'>circuit</span> <span class='ocrx_word' id='word_1_215' title='bbox 504 3063 654 3109; x_wconf 91' lang='lat' dir='ltr'>omnem</span> <span class='ocrx_word' id='word_1_216' title='bbox 669 3047 814 3110; x_wconf 90' lang='lat' dir='ltr'>terram</span> <span class='ocrx_word' id='word_1_217' title='bbox 828 3045 984 3119; x_wconf 82' lang='lat' dir='ltr'>Euilat‚</span> <span class='ocrx_word' id='word_1_218' title='bbox 998 3044 1056 3108; x_wconf 93' lang='lat' dir='ltr'>ibi</span> <span class='ocrx_word' id='word_1_219' title='bbox 1072 3043 1283 3110; x_wconf 85' lang='lat' dir='ltr'>inuenitur</span> 
     </span>
     <span class='ocr_line' id='line_1_27' title="bbox 158 3140 1281 3236; baseline -0.004 -20"><span class='ocrx_word' id='word_1_220' title='bbox 158 3152 263 3236; x_wconf 88' lang='lat' dir='ltr'>lapis</span> <span class='ocrx_word' id='word_1_221' title='bbox 289 3140 497 3235; x_wconf 89' lang='lat' dir='ltr'>prasinus.</span> <span class='ocrx_word' id='word_1_222' title='bbox 530 3151 586 3215; x_wconf 88' lang='lat' dir='ltr'>sed</span> <span class='ocrx_word' id='word_1_223' title='bbox 618 3154 650 3215; x_wconf 87' lang='lat' dir='ltr'>et</span> <span class='ocrx_word' id='word_1_224' title='bbox 681 3150 906 3216; x_wconf 83' lang='lat' dir='ltr'>carbunculum</span> <span class='ocrx_word' id='word_1_225' title='bbox 938 3150 1003 3214; x_wconf 91' lang='lat' dir='ltr'>illic</span> <span class='ocrx_word' id='word_1_226' title='bbox 1035 3168 1104 3214; x_wconf 89' lang='lat' dir='ltr'>esse</span> <span class='ocrx_word' id='word_1_227' title='bbox 1135 3151 1281 3215; x_wconf 85' lang='lat' dir='ltr'>testatur.</span> 
     </span>
     <span class='ocr_line' id='line_1_28' title="bbox 158 3254 1334 3338; baseline -0.003 -16"><span class='ocrx_word' id='word_1_228' title='bbox 158 3258 211 3322; x_wconf 92' lang='lat' dir='ltr'>hic</span> <span class='ocrx_word' id='word_1_229' title='bbox 240 3261 346 3322; x_wconf 90' lang='lat' dir='ltr'>autem</span> <span class='ocrx_word' id='word_1_230' title='bbox 372 3257 491 3321; x_wconf 89' lang='lat' dir='ltr'>Phison</span> <span class='ocrx_word' id='word_1_231' title='bbox 514 3276 532 3320; x_wconf 87' lang='lat' dir='ltr'>a</span> <span class='ocrx_word' id='word_1_232' title='bbox 556 3256 682 3322; x_wconf 85' lang='lat' dir='ltr'>Graecis</span> <span class='ocrx_word' id='word_1_233' title='bbox 707 3257 832 3338; x_wconf 88' lang='lat' dir='ltr'>quidem</span> <span class='ocrx_word' id='word_1_234' title='bbox 856 3256 951 3321; x_wconf 88' lang='lat' dir='ltr'>Indus</span> <span class='ocrx_word' id='word_1_235' title='bbox 974 3256 1092 3320; x_wconf 88' lang='lat' dir='ltr'>fluuius</span> <span class='ocrx_word' id='word_1_236' title='bbox 1116 3254 1242 3334; x_wconf 86' lang='lat' dir='ltr'>dieitur,</span> <span class='ocrx_word' id='word_1_237' title='bbox 1265 3268 1334 3332; x_wconf 78' lang='grc'>016</span> 
     </span>
     <span class='ocr_line' id='line_1_29' title="bbox 160 3361 1283 3450; baseline -0.002 -24"><span class='ocrx_word' id='word_1_238' title='bbox 160 3363 299 3427; x_wconf 87' lang='lat' dir='ltr'>barbaris</span> <span class='ocrx_word' id='word_1_239' title='bbox 331 3380 405 3427; x_wconf 92' lang='lat' dir='ltr'>uero</span> <span class='ocrx_word' id='word_1_240' title='bbox 439 3365 470 3425; x_wconf 88' lang='lat' dir='ltr'>et</span> <span class='ocrx_word' id='word_1_241' title='bbox 501 3361 638 3426; x_wconf 81' lang='lat' dir='ltr'>Euilaeis</span> <span class='ocrx_word' id='word_1_242' title='bbox 668 3362 874 3450; x_wconf 88' lang='lat' dir='ltr'>Barimanasi,</span> <span class='ocrx_word' id='word_1_243' title='bbox 907 3362 944 3427; x_wconf 90' lang='lat' dir='ltr'>ah</span> <span class='ocrx_word' id='word_1_244' title='bbox 976 3361 1074 3436; x_wconf 66' lang='lat' dir='ltr'>Indis„</span> <span class='ocrx_word' id='word_1_245' title='bbox 1095 3379 1218 3443; x_wconf 89' lang='lat' dir='ltr'>quoque</span> <span class='ocrx_word' id='word_1_246' title='bbox 1251 3363 1283 3426; x_wconf 88' lang='lat' dir='ltr'>et</span> 
     </span>
    </p>
   </div>
   <div class='ocr_carea' id='block_1_3' title="bbox 247 3533 521 3603">
    <p class='ocr_par' dir='ltr' id='par_1_3' title="bbox 247 3533 521 3603">
     <span class='ocr_line' id='line_1_30' title="bbox 247 3533 521 3603; baseline 0.007 -17"><span class='ocrx_word' id='word_1_247' title='bbox 247 3533 282 3588; x_wconf 82' lang='lat'>24</span> <span class='ocrx_word' id='word_1_248' title='bbox 301 3533 364 3589; x_wconf 79' lang='lat' dir='ltr'>Gen.</span> <span class='ocrx_word' id='word_1_249' title='bbox 385 3537 410 3599; x_wconf 81' lang='grc'>2,</span> <span class='ocrx_word' id='word_1_250' title='bbox 431 3535 461 3590; x_wconf 91' lang='lat'>11</span> <span class='ocrx_word' id='word_1_251' title='bbox 482 3551 521 3603; x_wconf 88' lang='lat' dir='ltr'>sq.</span> 
     </span>
    </p>
   </div>
   <div class='ocr_carea' id='block_1_4' title="bbox 148 3639 1284 3977">
    <p class='ocr_par' dir='ltr' id='par_1_4' title="bbox 157 3639 1284 3977">
     <span class='ocr_line' id='line_1_31' title="bbox 196 3639 1284 3711; baseline -0.001 -17"><span class='ocrx_word' id='word_1_252' title='bbox 196 3639 342 3694; x_wconf 87' lang='lat' dir='ltr'>5bibra&#39;ns</span> <span class='ocrx_word' id='word_1_253' title='bbox 369 3641 401 3706; x_wconf 91' lang='lat' dir='ltr'>V,</span> <span class='ocrx_word' id='word_1_254' title='bbox 424 3657 492 3696; x_wconf 80' lang='lat' dir='ltr'>corr</span> <span class='ocrx_word' id='word_1_255' title='bbox 515 3640 598 3710; x_wconf 80' lang='lat' dir='ltr'>Fopp.</span> <span class='ocrx_word' id='word_1_256' title='bbox 688 3643 703 3695; x_wconf 84' lang='grc'><strong>7</strong></span> <span class='ocrx_word' id='word_1_257' title='bbox 727 3640 890 3711; x_wconf 79' lang='lat' dir='ltr'>amigdalino</span> <span class='ocrx_word' id='word_1_258' title='bbox 918 3640 943 3693; x_wconf 98' lang='lat' dir='ltr'><strong><em>V</em></strong></span> <span class='ocrx_word' id='word_1_259' title='bbox 1047 3640 1063 3691; x_wconf 87' lang='grc'>9</span> <span class='ocrx_word' id='word_1_260' title='bbox 1091 3639 1187 3702; x_wconf 90' lang='lat' dir='ltr'>oleum,</span> <span class='ocrx_word' id='word_1_261' title='bbox 1210 3640 1284 3709; x_wconf 80' lang='lat' dir='ltr'>quod</span> 
     </span>
     <span class='ocr_line' id='line_1_32' title="bbox 157 3726 1283 3799; baseline -0.004 -16"><span class='ocrx_word' id='word_1_262' title='bbox 157 3730 309 3798; x_wconf 81' lang='lat' dir='ltr'>portuosis</span> <span class='ocrx_word' id='word_1_263' title='bbox 330 3734 454 3798; x_wconf 79' lang='lat' dir='ltr'>repetunt</span> <span class='ocrx_word' id='word_1_264' title='bbox 480 3728 529 3790; x_wconf 81' lang='lat' dir='ltr'>Va,</span> <span class='ocrx_word' id='word_1_265' title='bbox 556 3729 606 3783; x_wconf 84' lang='lat' dir='ltr'>del</span> <span class='ocrx_word' id='word_1_266' title='bbox 629 3729 712 3799; x_wconf 57' lang='grc'><em>10099</em></span> <span class='ocrx_word' id='word_1_267' title='bbox 797 3729 873 3784; x_wconf 87' lang='lat' dir='ltr'>aenei</span> <span class='ocrx_word' id='word_1_268' title='bbox 899 3728 932 3792; x_wconf 77' lang='lat' dir='ltr'>l,</span> <span class='ocrx_word' id='word_1_269' title='bbox 954 3744 1023 3783; x_wconf 86' lang='lat' dir='ltr'>corr</span> <span class='ocrx_word' id='word_1_270' title='bbox 1046 3726 1177 3795; x_wconf 70' lang='lat' dir='ltr'>Diodors</span> <span class='ocrx_word' id='word_1_271' title='bbox 1242 3728 1283 3780; x_wconf 88' lang='lat' dir='ltr'>ni·</span> 
     </span>
     <span class='ocr_line' id='line_1_33' title="bbox 148 3813 1284 3887; baseline -0.002 -15.975"><span class='ocrx_word' id='word_1_272' title='bbox 148 3817 281 3871; x_wconf 76' lang='lat' dir='ltr'>cenilV</span> <span class='ocrx_word' id='word_1_273' title='bbox 385 3818 418 3871; x_wconf 76' lang='lat'>13</span> <span class='ocrx_word' id='word_1_274' title='bbox 443 3819 559 3872; x_wconf 87' lang='lat' dir='ltr'>anticum</span> <span class='ocrx_word' id='word_1_275' title='bbox 586 3817 612 3870; x_wconf 94' lang='lat' dir='ltr'><strong><em>V</em></strong></span> <span class='ocrx_word' id='word_1_276' title='bbox 724 3818 756 3872; x_wconf 86' lang='lat'>15</span> <span class='ocrx_word' id='word_1_277' title='bbox 782 3817 851 3872; x_wconf 87' lang='lat' dir='ltr'>hauc</span> <span class='ocrx_word' id='word_1_278' title='bbox 877 3815 1013 3887; x_wconf 80' lang='lat' dir='ltr'>smaragdi</span> <span class='ocrx_word' id='word_1_279' title='bbox 1037 3815 1132 3885; x_wconf 77' lang='lat' dir='ltr'>Fopp..</span> <span class='ocrx_word' id='word_1_280' title='bbox 1157 3813 1284 3869; x_wconf 81' lang='lat' dir='ltr'>adhaec</span> 
     </span>
     <span class='ocr_line' id='line_1_34' title="bbox 160 3903 1284 3977; baseline -0.003 -18"><span class='ocrx_word' id='word_1_281' title='bbox 160 3904 327 3976; x_wconf 71' lang='lat' dir='ltr'>smaragdine</span> <span class='ocrx_word' id='word_1_282' title='bbox 344 3905 371 3960; x_wconf 90' lang='lat' dir='ltr'><strong><em>V</em></strong></span> <span class='ocrx_word' id='word_1_283' title='bbox 382 3904 506 3977; x_wconf 69' lang='lat' dir='ltr'>(dpnopein</span> <span class='ocrx_word' id='word_1_284' title='bbox 524 3904 585 3958; x_wconf 86' lang='grc' dir='ltr'>τὸ</span> <span class='ocrx_word' id='word_1_285' title='bbox 572 3903 771 3975; x_wconf 73' lang='grc' dir='ltr'>αναγκαιότατον</span> <span class='ocrx_word' id='word_1_286' title='bbox 785 3910 830 3958; x_wconf 81' lang='grc' dir='ltr'>τοῦ</span> <span class='ocrx_word' id='word_1_287' title='bbox 844 3903 990 3976; x_wconf 70' lang='grc' dir='ltr'>σμαράγδου</span> <span class='ocrx_word' id='word_1_288' title='bbox 1005 3905 1057 3976; x_wconf 73' lang='lat' dir='ltr'>Ep.</span> <span class='ocrx_word' id='word_1_289' title='bbox 1061 3903 1080 3971; x_wconf 85' lang='lat'>¹)</span> <span class='ocrx_word' id='word_1_290' title='bbox 1118 3904 1151 3958; x_wconf 87' lang='grc'>19</span> <span class='ocrx_word' id='word_1_291' title='bbox 1164 3904 1284 3976; x_wconf 83' lang='lat' dir='ltr'>uastauit</span> 
     </span>
    </p>
   </div>
   <div class='ocr_carea' id='block_1_5' title="bbox 160 4017 1286 4267">
    <p class='ocr_par' dir='ltr' id='par_1_5' title="bbox 160 4017 1286 4267">
     <span class='ocr_line' id='line_1_35' title="bbox 160 4017 1284 4090; baseline -0.003 -15"><span class='ocrx_word' id='word_1_292' title='bbox 160 4019 243 4089; x_wconf 73' lang='lat' dir='ltr'>Fopy.</span> <span class='ocrx_word' id='word_1_293' title='bbox 313 4021 348 4075; x_wconf 80' lang='grc'>20</span> <span class='ocrx_word' id='word_1_294' title='bbox 363 4020 405 4074; x_wconf 92' lang='lat' dir='ltr'>hii</span> <span class='ocrx_word' id='word_1_295' title='bbox 427 4020 453 4073; x_wconf 89' lang='lat' dir='ltr'><strong><em>V</em></strong></span> <span class='ocrx_word' id='word_1_296' title='bbox 521 4021 555 4074; x_wconf 81' lang='grc'>22</span> <span class='ocrx_word' id='word_1_297' title='bbox 573 4019 677 4090; x_wconf 88' lang='lat' dir='ltr'>ethipia</span> <span class='ocrx_word' id='word_1_298' title='bbox 698 4018 725 4073; x_wconf 87' lang='lat' dir='ltr'><strong><em>V</em></strong></span> <span class='ocrx_word' id='word_1_299' title='bbox 792 4020 827 4075; x_wconf 77' lang='grc'>23</span> <span class='ocrx_word' id='word_1_300' title='bbox 844 4018 1041 4090; x_wconf 71' lang='lat' dir='ltr'>repperiturV</span> <span class='ocrx_word' id='word_1_301' title='bbox 1104 4017 1138 4072; x_wconf 69' lang='lat'>98</span> <span class='ocrx_word' id='word_1_302' title='bbox 1157 4019 1227 4074; x_wconf 78' lang='lat' dir='ltr'>anila</span> <span class='ocrx_word' id='word_1_303' title='bbox 1245 4020 1284 4074; x_wconf 80' lang='lat' dir='ltr'>eie</span> 
     </span>
     <span class='ocr_line' id='line_1_36' title="bbox 160 4108 1286 4181; baseline 0.001 -19"><span class='ocrx_word' id='word_1_304' title='bbox 160 4108 322 4164; x_wconf 84' lang='lat' dir='ltr'>harimanaai</span> <span class='ocrx_word' id='word_1_305' title='bbox 343 4108 381 4164; x_wconf 80' lang='lat' dir='ltr'>V.-</span> <span class='ocrx_word' id='word_1_306' title='bbox 396 4109 515 4163; x_wconf 77' lang='lat' dir='ltr'>Euilaeis</span> <span class='ocrx_word' id='word_1_307' title='bbox 533 4109 700 4181; x_wconf 83' lang='lat' dir='ltr'>Paropamiei</span> <span class='ocrx_word' id='word_1_308' title='bbox 718 4115 819 4178; x_wconf 74' lang='lat' dir='ltr'>‘nempe</span> <span class='ocrx_word' id='word_1_309' title='bbox 835 4109 916 4164; x_wconf 74' lang='lat' dir='ltr'>India</span> <span class='ocrx_word' id='word_1_310' title='bbox 935 4110 973 4163; x_wconf 86' lang='lat' dir='ltr'>ud</span> <span class='ocrx_word' id='word_1_311' title='bbox 988 4108 1096 4164; x_wconf 80' lang='lat' dir='ltr'>radices</span> <span class='ocrx_word' id='word_1_312' title='bbox 1108 4108 1286 4177; x_wconf 76' lang='lat' dir='ltr'>Paropanisi</span> 
     </span>
     <span class='ocr_line' id='line_1_37' title="bbox 160 4195 517 4267; baseline 0.014 -19"><span class='ocrx_word' id='word_1_313' title='bbox 160 4195 358 4251; x_wconf 62' lang='lat' dir='ltr'>habitantibus</span> <span class='ocrx_word' id='word_1_314' title='bbox 376 4197 459 4267; x_wconf 77' lang='lat' dir='ltr'>Fopp.</span> <span class='ocrx_word' id='word_1_315' title='bbox 515 4216 517 4219; x_wconf 89' lang='lat'>·</span> 
     </span>
    </p>
   </div>
   <div class='ocr_carea' id='block_1_6' title="bbox 0 0 1436 4620">
    <p class='ocr_par' dir='ltr' id='par_1_6' title="bbox 0 0 1436 4620">
     <span class='ocr_line' id='line_1_38' title="bbox 0 0 1436 4620; baseline 0 1"><span class='ocrx_word' id='word_1_316' title='bbox 0 0 1436 4620; x_wconf 95' lang='lat' dir='ltr'> </span> 
     </span>
    </p>
   </div>
  </div>
 </body>
</html>
