2864 4620
437 303 523 359 anisa
542 302 624 362 CXVI
642 297 659 358 b
678 309 694 361 5
714 334 747 347 —
766 298 863 360 oxvn
881 305 906 362 ’ῖς
1164 309 1228 372 523

105 496 292 583 responsum
312 499 357 564 ad
381 500 627 582 apertionem
651 484 742 577 oris,
773 498 868 576 sicuti
892 488 1141 566 accurabantur
1156 519 1231 588 apo-¹
1333 537 1335 540 <

107 603 215 672 stolus,
240 596 335 687 atque
367 606 434 690 ipse
468 606 561 671 etiam
598 605 741 670 dominus
765 606 938 688 praecepit,
975 625 1097 671 mecum
1129 608 1226 690 petite

105 712 218 778 horum
232 711 370 777 datorem
389 715 506 777 etcum
524 715 690 795 quaerente
708 712 824 793 pariter
843 711 981 794 quaerite
1000 716 1032 776 et
1048 712 1225 795 pulsantem

105 813 239 900 spiritali
266 835 362 883 manu
393 820 501 893 uestra
527 817 687 909 suscipite.
719 818 779 907 hoc
806 818 888 882 enim
915 814 1006 905 uobis
1037 801 1224 882 facientibus

69 944 87 986 c
104 926 221 1005 potero,
260 923 468 997 sanctissime,
501 926 532 988 et
564 923 703 1008 accipere
734 926 765 988 et
795 922 936 988 inuenire
967 925 998 987 et
1030 922 1223 1005 adaperiente

105 1028 229 1095 Christo
256 1031 341 1094 recte
363 1024 423 1110 ‘per
448 1029 579 1093 uerbum
605 1029 749 1094 ueritatis
780 1029 930 1094 incedere.
976 1029 1122 1111 quoniam
1148 1047 1223 1094 uero
1246 1024 1266 1086 5

104 1133 230 1216 qnidam
254 1134 488 1200 dissimulantes
510 1130 674 1200 nobiscum
698 1135 819 1199 credere
842 1137 935 1217 atque
965 1135 1077 1213 sectari
1100 1138 1222 1199 sanctas
1270 1162 1272 1166 >

103 1240 248 1325 synodos,
263 1260 342 1323 quae
355 1240 488 1306 Nicaeae
505 1239 771 1323 Constantinopoli
786 1241 879 1322 atque
888 1239 1005 1324 Ephesi
1019 1243 1222 1324 congregatae

103 1349 186 1425 suut,
222 1347 253 1411 in
290 1346 404 1428 quibus
439 1347 594 1429 principes
631 1346 799 1412 extiterunt
835 1346 1037 1413 sanctissimi>
1066 1345 1222 1420 (beatae)

58 1476 85 1519 ιο
102 1453 268 1517 memoriae
301 1453 439 1534 episcopi
471 1451 665 1532 Caelestinus
689 1452 888 1534 apostolieae
920 1452 1003 1517 sedis
1034 1455 1157 1517 uestrae
1189 1453 1221 1516 et

103 1557 239 1642 (lyrillns
260 1558 493 1635 Alexandrinae,
512 1559 640 1641 insuper
658 1559 753 1622 etiarn
776 1578 854 1641 quae
878 1556 1051 1624 Calcedone
1069 1556 1219 1621 aduersus

100 1663 274 1746 Eutychem
310 1665 443 1746 impium
478 1667 666 1748 congregata
702 1669 761 1742 est,
794 1685 872 1747 quae
905 1683 1011 1729 omnes
1044 1663 1217 1747 praedictas

100 1758 242 1845 ueritatis
278 1772 372 1852 atque
409 1769 607 1835 orthodoxiae
638 1771 668 1835 in
703 1790 736 1836 se
771 1771 890 1836 ratione
925 1769 1079 1847 firmauit:
1113 1772 1216 1833 tamen

100 1875 215 1940 audent
250 1894 306 1940 nos
339 1875 523 1960 impugnare
558 1879 717 1959 tamquam
752 1876 913 1942 uinculum
948 1875 1128 1941 concordiae
1150 1874 1217 1940 sine

55 1981 217 2047 roratione
257 1981 404 2046 uitantes.
463 1984 573 2047 uotum
610 1984 714 2047 autern
751 1982 830 2046 mihi
865 1985 913 2047 est
949 1986 1087 2047 uestram
1127 1975 1258 2062 sequid

98 2087 280 2164 doctrinam,
295 2087 379 2151 sicut
393 2087 474 2151 inter
487 2091 609 2153 sanctos
624 2106 804 2171 praecessor
816 2107 904 2170 merus
918 2088 1045 2153 Alcison
1064 2087 1223 2164 extiterat,¹

98 2195 130 2256 et
143 2192 368 2257 anathematizo
384 2183 569 2258 Dioscorum
586 2212 621 2258 ac
635 2194 834 2259 Timotheum
848 2194 1054 2276 appellatione
1072 2192 1215 2256 Ellurum

97 2300 129 2364 et
150 2298 279 2364 Petrum
302 2298 412 2362 horum
436 2317 648 2364 successorem
677 2303 709 2365 et
730 2299 815 2364 Petri
838 2299 1051 2364 communione
1075 2298 1214 2363 cumbis

96 2402 281 2485 permixtum
305 2403 511 2470 Acaciumet
527 2403 670 2480 Petrum,
697 2405 753 2494 qui
767 2404 994 2470 Antiochenam
1020 2404 1217 2487 perturbauit

50 2536 78 2576 ao
96 2508 270 2589 ecclesia-m,
290 2529 422 2594 sequens
437 2512 469 2577 in
487 2512 632 2577 omnibns
651 2512 814 2596 synodicas
832 2529 868 2577 ac
885 2512 1007 2595 proprie
1026 2511 1214 2593 apostolicas

95 2613 244 2696 epistolas
271 2616 404 2699 scriptas
434 2637 451 2682 a
472 2631 548 2682 uero.
572 2619 716 2700 praesule
742 2618 898 2684 Romanae
925 2617 1074 2690 ecclesiae
1100 2617 1212 2681 Leone

93 2738 169 2804 rogo
190 2723 316 2787 autom:
346 2717 470 2806 plenius
493 2720 586 2805 atque
608 2723 789 2807 perfectius,
820 2726 899 2807 ,quae
932 2723 1048 2814 seruari
1070 2724 1212 2805 oportet,
1237 2715 1255 2778 7

94 2823 289 2891 commonete
322 2828 363 2902 et,
391 2827 505 2910 qnibus
533 2827 687 2900 abstinere
719 2829 857 2906 debeam,
885 2827 999 2895 neotus
1028 2827 1212 2894 custodibus

92 2930 207 2995 littoris
222 2931 387 3010 intimate,
415 2935 452 2998 ut
479 2933 539 2998 etsi
565 2933 708 3000 fortassis
736 2934 837 3000 adhuc
863 2935 1092 3000 inexercitatus
1114 2933 1213 2999 ordini

46 3064 74 3105 ,ὅ
92 3034 406 3116 deputor‘lectionum
422 3039 483 3104 sou
493 3038 555 3104 dixi
574 3040 641 3104 siue
659 3040 711 3124 egi
730 3040 910 3123 apostolicis
930 3037 1077 3108 doctrinis
1097 3041 1211 3110 uestris

90 3140 305 3223 incongruum,
324 3143 439 3214 uestris
457 3143 601 3209 imbutus
620 3146 816 3211 sermonibus
843 3147 962 3228 possim
984 3146 1210 3211 haereticorum

91 3246 243 3313 obsistere
269 3244 433 3315 machinis.
457 3250 521 3314 hoc
539 3251 621 3316 enim
643 3238 804 3332 facientes,
832 3251 1032 3330 sanctissimi,
1059 3251 1210 3316 firmiores

179 3560 191 3613 l
211 3559 309 3628 Ephes.
329 3561 353 3614 d.
373 3563 406 3607 ¹0

123 3751 293 3820 5aperiente
312 3769 345 3823 p·
414 3755 522 3808 trecta
539 3755 607 3809 Bor.
624 3755 656 3808 in
673 3769 757 3824 marc.
854 3753 988 3808 incidere·
1002 3755 1031 3819 V,
1054 3770 1122 3809 corr.
1140 3755 1209 3812 Bur.

86 3840 242 3916 bononiam
257 3839 462 3911 quuamqnaru
472 3841 577 3896 Harlel'
625 3840 981 3912 Vdissimulantes]cc.snnt
1033 3830 1159 3913 9quibus
1173 3843 1210 3896 V:
1326 3863 1329 3869 ·

85 3944 140 3996 qua
156 3927 226 3983 Bur.
244 3928 275 3981 io
292 3941 376 3998 morp.
420 3930 612 3994 *sanctissimae
631 3947 658 3994 o;
676 3946 722 4001 epo
740 3930 946 3985 adderemclaa'
962 3923 1080 3984 beatae
1112 3932 1149 3984 122
1165 3948 1209 3984 eu·

83 4016 184 4069 tichem
208 4015 234 4069 V
267 4016 300 4071 13
318 4017 561 4087 ueritatisscripee':
578 4019 707 4072 ueritates
724 4017 756 4083 V,
774 4018 848 4086 quod
863 4014 1006 4072 retinentes
1024 4013 1209 4089 atque·ortho-

84 4102 153 4157 doxa
172 4103 245 4168 Ona,
265 4121 348 4174 aeque
367 4105 538 4160 orthodoxiae
560 4094 637 4160 Thiae
709 4107 741 4161 19
761 4107 927 4163 antiocenam
950 4106 976 4159 V
1043 4108 1075 4161 21
1096 4109 1153 4161 uiro
1177 4108 1209 4172 V,

83 4204 152 4244 corr.
171 4191 240 4245 Bar.
295 4192 400 4246 auersi
423 4191 460 4247 V:
478 4193 587 4250 siBor.
641 4194 675 4249 27
693 4194 852 4253 macinisV,
919 4196 1086 4249 sanctissime
1109 4195 1172 4250 Cor.
