2864 4620
439 304 524 374 Epist.
544 303 654 359 curm
672 305 688 357 5
708 333 741 342 -
761 302 844 358 cmx
864 304 886 357 1.
1161 306 1225 370 607

89 519 188 582 quam
216 498 307 565 sedes
336 497 510 581 apostolica
538 497 719 575 destinauit,
751 499 782 560 in
814 497 969 562 unitatem
997 498 1226 562 communionis

88 605 192 670 fuisso
216 606 412 688 susceptum.
436 605 551 686 quibus
574 603 690 668 litteris
714 604 810 668 stiam
832 604 919 686 ipsos
943 603 1085 668 hortetur
1111 604 1227 668 similia

89 710 240 795 profiteri.
291 710 375 793 quod
399 711 481 775 siin
505 711 562 775 bac
586 713 673 794 parto
696 711 866 793 imperator
888 709 1006 791 aliquid
1030 709 1226 775 difficultatis
1241 706 1277 770 ll

91 817 244 894 attulerit,
261 817 428 899 episcopus
440 816 805 900 Constantinopolitanus
817 816 943 881 directis
954 817 1226 898 praeceptionibus

54 947 72 988 s
91 922 249 1006 episcopis
274 923 341 988 suis
364 924 591 1005 paroecialibus
616 924 668 987 uel
688 924 798 987 ceteris
817 922 1066 1004 metropolitanis
1084 942 1227 1004 praesen-

90 1029 177 1094 tibus
202 1028 258 1106 eis,
283 1029 380 1112 quia
401 1029 494 1094 uobis
513 1031 631 1113 pariter
650 1030 761 1094 directi
779 1029 906 1106 fuerint,
926 1028 1001 1111 quid
1019 1029 1087 1111 ipse
1106 1028 1224 1107 feccrit,

90 1135 278 1200 innotescat.
307 1135 391 1218 quod
419 1137 457 1199 ab
487 1154 523 1199 eo
551 1136 654 1201 modis
684 1135 829 1199 omnibus
857 1154 915 1199 uos
943 1137 1067 1217 oportet
1094 1135 1224 1218 erigere,

90 1242 129 1305 ut
150 1240 227 1305 facti
250 1241 346 1305 huius
369 1241 551 1306 testimonio
575 1245 759 1326 peragrante
783 1241 878 1306 etiam
896 1242 1071 1319 uniuersos,
1095 1241 1149 1306 nol
1172 1240 1225 1322 qui

89 1347 184 1429 longe
207 1350 282 1412 sunt
304 1347 410 1430 positi,
435 1349 532 1412 latcre
556 1367 616 1413 non
640 1349 752 1430 possit.

606 1592 713 1676 (159.)

142 1748 300 1808 nauriunt
322 1752 440 1797 LIBELLI
462 1752 611 1798 IOHANNIS
635 1752 778 1798 EPISGOPI
802 1747 1174 1798 CONSTANTINOPOLITANI.

42 1618 111 1682 uo'

133 1892 249 1939 nomno
272 1893 332 1939 ruso
355 1894 415 1939 ern
439 1893 536 1939 orma
559 1894 760 1939 sanorrssrro
783 1894 822 1938 rr
845 1892 1025 1938 srnrrssrrro
1049 1893 1162 1938 rnarm
1183 1894 1222 1938 ar

88 1999 369 2047 oommsrnnronr
392 1995 565 2046 ronmsnna
589 1999 747 2046 rorsnnrs
766 2000 801 2044 ΙΝ
818 1999 933 2045 oomro
954 1999 1098 2044 sarusar.
1144 1980 1224 2044 Rad-

88 2086 165 2151 ditis
193 2087 273 2150 mihi
299 2088 415 2152 litteris
442 2091 568 2152 uestrae
595 2089 783 2164 sanctitatis,
807 2088 839 2151 in
864 2087 987 2154 Christo
1005 2089 1106 2181 irater
1128 2086 1224 2150 karis-

40 2226 68 2264 rs
87 2192 179 2269 sime,
194 2211 249 2275 per
269 2191 402 2258 Gratum
421 2193 633 2258 clarissimum
652 2195 799 2258 comitem
819 2196 850 2257 ot
867 2212 949 2258 nuno
965 2211 1019 2275 per
1034 2190 1224 2256 Germanum

88 2300 122 2362 et
143 2297 314 2362 Iohannem
337 2300 609 2364 reuerentissimos
634 2300 808 2382 episcopos,
831 2298 967 2363 Felicem
988 2300 1019 2362 ot
1036 2297 1223 2362 Dioscorum

87 2403 308 2468 sanctissimos
337 2405 486 2470 diaconos
516 2407 547 2470 ot
573 2405 729 2469 Blandum
753 2405 970 2488 presbyterum
992 2405 1128 2468 lactatus
1152 2421 1222 2466 sum

87 2507 128 2572 de
151 2508 286 2591 spiritali
310 2511 439 2575 caritate
463 2514 587 2575 uestrae
611 2511 799 2588 sanctitatis,
819 2511 903 2592 quod
921 2511 1075 2575 unitatem
1093 2509 1223 2574 sanctis·

86 2613 241 2678 simarum
269 2614 319 2680 dai
348 2616 553 2680 ecclesiarum
581 2617 754 2681 secundum
778 2619 918 2680 ueterem
940 2620 1064 2698 patrum
1088 2616 1221 2699 requiris

123 2942 139 2995 2
158 2945 297 3012 suseptum
321 2942 347 2994 V

123 3045 190 3101 159.
244 3046 368 3101 Libellos
384 3050 557 3117 snbsniptns
572 3067 597 3102 a.
621 3053 674 3103 519
692 3052 735 3104 die
753 3054 793 3105 28
810 3051 908 3110 Mart,
926 3052 1045 3104 Romane
1063 3052 1160 3105 raissns
1178 3051 1222 3106 die

81 3138 125 3188 22
142 3135 212 3202 Apo.
232 3136 328 3202 (nonni
347 3153 406 3190 cnon
425 3153 482 3204 epp.
502 3141 657 3202 roo-165,
677 3142 740 3202 167,
759 3142 829 3207 223)
846 3156 897 3208 per
918 3140 1087 3205 Pollionem
1111 3145 1221 3207 occepta

81 3223 287 3277 desistenti.
343 3257 344 3261 =
386 3226 459 3279 aaa.
490 3227 552 3279 Car.
579 3226 610 3279 12
637 3231 702 3295 491;
726 3229 795 3282 Βαν.
825 3229 863 3282 ad
886 3245 912 3282 a.
941 3230 1003 3292 519,
1032 3232 1083 3296 4&
1111 3227 1220 3282 Cotieot.

85 3310 190 3364 Concil.
220 3313 277 3364 ione
301 3313 365 3366 inde
392 3330 409 3366 a
434 3314 570 3380 Meriino;
603 3315 681 3368 Tbiei
713 3319 781 3370 852,
905 3316 1021 3370 Praeter
1051 3315 1221 3370 Auctionem

77 3403 161 3466 extet
186 3399 218 3452 in
245 3401 399 3454 collectione
420 3401 554 3471 Hispone
583 3403 635 3469 (ed.
663 3403 799 3457 Geneatae
821 3404 861 3458 Π
878 3421 905 3457 n.
931 3406 971 3458 88
988 3421 1017 3472 p.
1042 3407 1120 3471 144),
1148 3403 1221 3458 nnde

79 3487 198 3541 transiit
223 3487 255 3540 in
281 3487 573 3544 Pseudoisidorianam
601 3505 640 3560 (p.
669 3496 728 3547 688
750 3493 790 3547 ed.
814 3491 974 3555 Hinscbins,
998 3493 1046 3559 qni
1068 3498 1166 3556 lepreon,
1189 3499 1221 3546 nt

78 3573 151 3627 solet
167 3575 199 3626 in
217 3576 340 3642 epiciniis
355 3578 490 3646 penninis,
509 3595 565 3632 non
584 3580 707 3634 codicum
724 3581 933 3635 Paeodoisirlori
950 3586 1052 3634 teatnem
1069 3580 1156 3648 obfert
1173 3581 1221 3636 sed

76 3661 212 3716 editionis
232 3663 419 3732 Goneeieeii):
437 3666 518 3735 Hispo.
535 3693 568 3713 =
583 3685 727 3723 consensus
741 3658 868 3725 editionis
885 3669 1043 3724 Gonzeteeii
1056 3673 1103 3736 (=
1120 3669 1222 3738 oona).

79 3755 109 3805 et
127 3750 249 3805 codicum
265 3753 278 3805 i
297 3752 333 3820 (i¹
351 3779 384 3798 =
408 3754 690 3820 Uotic.1341,i²=
714 3757 800 3814 Uatis.
823 3762 890 3822 630,
909 3757 933 3811 i³
951 3782 983 3807 .-.-
1007 3758 1095 3812 Uatia.
1122 3762 1219 3827 3791)-

81 3839 118 3892 11
132 3854 187 3906 sqq.
202 3839 358 3905 Exemplum
374 3884 380 3895 .
397 3883 402 3896 .
417 3842 540 3897 Redditis
565 3845 602 3899 V.-
619 3845 741 3914 Epistola
756 3848 812 3900 siue
827 3847 935 3900 libellus
949 3847 1013 3901 fidei
1026 3847 1134 3902 Ioannis
1149 3846 1218 3902 Con·

79 3927 320 3998 stantinopolitani
353 3932 471 4001 episcopi
499 3932 531 3986 de
560 3950 655 4002 graeco
684 3935 713 3987 in
739 3935 853 3989 latinum
886 3937 1019 3990 translata
1051 3935 1152 3990 directa
1184 3937 1218 3991 ad

79 4020 206 4070 sanctum
229 4017 399 4072 Hormisdam
425 4038 521 4091 papam
546 4023 620 4076 urbis
644 4022 745 4077 Rornae
770 4026 799 4078 in
818 4041 871 4093 qua
890 4024 1100 4078 anathematizat
1118 4024 1218 4079 Nesto·

79 4107 152 4160 rium
165 4109 246 4175 etque
259 4106 431 4163 Eutichetem
445 4110 662 4181 reliquorumque
676 4112 877 4167 haereticorum
890 4113 1079 4182 blasphemias.
1094 4113 1218 4168 Redditis

78 4193 165 4264 Hisp.
222 4195 255 4249 16
273 4197 510 4251 reuerendissirnos
532 4199 616 4254 Gone.
690 4202 829 4271 episcopos
848 4205 876 4255 ct
893 4202 1010 4256 Felicem
1029 4201 1111 4270 Hispo.

136 4318 218 4358 XXXV
232 4329 285 4368 pare
299 4323 319 4362 8.
1116 4307 1150 4362 39
