2864 4620
113 285 176 350 746
199 289 201 293 ’
273 281 439 352 Epiphanius
458 281 670 337 Constantiensis
688 281 720 335 de
738 282 790 336 XII
808 281 918 364 gemmis
935 280 1074 336 rationulis

113 474 277 558 arripiens.
296 475 328 540 in
345 475 505 559 Babylone
528 493 613 550 uero,
628 493 715 560 ¹quae
738 477 787 538 est
805 473 887 557 apud
905 473 1061 557 Assyrios,
1081 473 1232 558 gignitur.
1257 521 1259 524 ψ

113 584 145 646 et
167 584 216 647 est
236 581 316 663 lapis
338 581 407 664 ipse
428 581 618 666 perlucidus,
637 581 754 646 habens
773 581 917 646 medendi
939 581 1121 665 potentiam.
1142 580 1232 644 ouius

113 669 223 752 sunum
245 686 405 758 medi<oi>
431 706 524 769 super
545 690 684 752 tumores
708 705 743 751 ao
761 686 940 769 putredines
958 685 1104 749 linientes
1121 684 1233 749 sedant

82 787 251 876 deliusque
286 793 405 876 plagas,
443 812 521 874 quae
557 812 612 876 per
647 792 830 856 incisionem
861 792 934 856 ferri
962 791 1159 875 proueniunt.
1185 792 1233 855 est

113 901 217 964 autem
232 901 264 962 et
277 898 360 971 alius
374 898 535 981 sardonyx,
550 898 605 980 qui
618 903 751 964 uocatur
763 898 933 975 moloohas‚
953 897 1053 963 ueiens
1072 900 1232 962 attenuare
1261 915 1273 956 s

110 1003 333 1088 pinguedines:
352 1003 453 1086 ipsius
473 1007 578 1069 autem
596 1004 712 1070 formae
732 1009 791 1082 est,
807 1003 976 1069 subuiridis
992 1003 1231 1086 aliquantulum,

111 1100 327 1192 potentiorque
355 1110 456 1194 magis
485 1113 534 1174 est
560 1111 642 1174 oiroa
667 1108 756 1174 nemi
778 1109 926 1192 temporis
949 1108 1084 1184 initium,
1108 1107 1230 1190 quaudo

110 1214 227 1298 paseha
256 1215 446 1292 celebratum
476 1218 507 1280 et
536 1216 616 1280 alius
645 1215 853 1294 sardaohutes
876 1215 959 1280 eirea
980 1233 1074 1297 quom
1095 1213 1232 1297 lapidem

111 1320 201 1386 albus
229 1321 356 1403 quidam
384 1321 520 1386 circulus
544 1325 673 1406 apparet
694 1321 778 1386 sicut
799 1321 830 1385 in
854 1321 973 1398 achate,
996 1339 1087 1403 quem
1112 1318 1154 1394 hi,
1179 1317 1233 1400 qni

110 1426 255 1492 fabulosa
282 1427 471 1511 confingunt,
497 1427 581 1492 mala
606 1427 713 1511 fugare
740 1427 942 1510 pronuntiant
971 1444 1065 1509 posse
1097 1443 1231 1507 eumque
1249 1441 1272 1481 ιο

102 1531 277 1620 pacificum
300 1535 426 1597 uocant.
656 1518 658 1523 ’

60 1638 103 1702 10
157 1657 198 1703 nu
229 1658 342 1703 norrun
374 1657 514 1705 noraaro.
582 1638 751 1723 Topuzium
780 1640 910 1704 rubrum
942 1643 992 1703 ost
1021 1637 1125 1720 speeie
1159 1638 1233 1719 post

114 1743 261 1827 lapidem,
290 1744 344 1827 qui
371 1745 578 1809 carbunculus
606 1746 789 1834 appellatur.
816 1745 964 1810 iuuentus
992 1747 1041 1809 est
1068 1746 1174 1809 autem
1200 1743 1232 1806 in

112 1849 235 1934 Topazo
268 1849 396 1915 oiuitate
427 1850 533 1917 Indiae
561 1849 592 1915 in
621 1849 712 1915 eorde
738 1850 853 1935 lapidis
880 1850 919 1915 ab
945 1849 1006 1927 his,
1035 1849 1089 1932 qui
1115 1848 1233 1913 ibidem

111 1955 232 2040 lapides
268 1958 344 2021 tuno
380 1956 558 2021 caedebant.
596 1975 689 2039 quam
724 1957 864 2040 lapidum
902 1974 1044 2020 caesores
1075 1955 1233 2019 intuentes
1251 1972 1274 2011 u

114 2061 401 2144 splendidissimum
447 2062 592 2127 delectati
635 2062 867 2144 pulchritudine
913 2062 980 2128 eius
1030 2059 1234 2126 ostenderunt

113 2167 286 2233 Alabastris
314 2167 503 2250 quibusdam
529 2168 779 2252 negotiatoribus
805 2187 963 2253 paruoque
994 2167 1094 2252 pretio
1125 2164 1233 2230 uendi·

114 2274 235 2339 demut.
266 2273 423 2339 Alabastri
455 2293 577 2357 quoque
604 2274 757 2339 Thebaeis
784 2275 883 2358 pretio
912 2274 1078 2340 distraxere
1104 2271 1231 2346 maiori3

113 2379 249 2445 Thebaei
275 2379 479 2446 nihilominus
507 2380 687 2463 optulerunt
713 2379 847 2465 reginae,
875 2398 954 2462 quae
981 2381 1057 2444 tuno
1080 2377 1233 2460 temporis

112 2485 295 2570 imperabat.
328 2505 420 2569 quem
451 2485 507 2557 illu
538 2505 665 2551 sumens
696 2486 727 2550 in
757 2486 929 2551 diademate
966 2505 1023 2551 suo
1059 2485 1091 2549 in
1128 2483 1279 2548 mediore

5 2655 7 2660 .
62 2591 223 2657 lllrontis
251 2591 411 2674 imposuit.
486 2592 581 2657 habet
608 2596 713 2657 autem
739 2592 819 2676 lapis
845 2593 907 2658 ista
933 2592 1013 2656 hano
1044 2590 1231 2660 effieuoiam:

114 2715 185 2763 oum
215 2697 247 2762 in
279 2700 348 2764 oote
378 2697 557 2763 medicinali
587 2700 707 2775 teritur,
740 2718 799 2763 nou
835 2699 964 2762 rubrum
1001 2715 1112 2762 sunum
1147 2696 1233 2766 iuxta

112 2804 240 2869 modum
277 2803 328 2868 sui
363 2803 476 2869 eoloris
514 2803 568 2868 sed
603 2802 634 2867 in
671 2803 798 2869 modum
833 2803 925 2869 laetis
962 2801 1088 2868 emittit.
1121 2801 1231 2884 implet

114 2912 218 2975 antem
255 2910 389 2974 crateras
424 2909 586 2991 plurimos,
624 2913 756 2991 quantos
791 2909 835 2985 hi,
871 2909 925 2990 qui
955 2909 1071 2983 temnt‚
1102 2906 1232 2989 implere

112 3013 278 3090 noluerint,
302 3018 335 3078 et
356 3018 429 3098 post
450 3015 509 3080 hoo
531 3013 615 3079 idem
637 3015 750 3080 modus
774 3018 823 3080 est
839 3014 963 3098 lapidis,
982 3032 1038 3078 neo
1055 3013 1230 3077 inminutus
1246 3031 1268 3072 u

112 3119 246 3204 pondere
274 3140 331 3185 neo
358 3138 376 3184 a
403 3120 594 3186 rotunditate
616 3114 779 3186 mensurae
801 3121 926 3202 penitus
949 3120 1136 3184 inmutatus.
1160 3117 1232 3182 hino

113 3227 217 3289 autem
257 3243 352 3289 sucus
394 3225 518 3289 elicitus
560 3225 722 3291 oculorum
761 3226 921 3308 passiones
964 3223 1103 3307 apprime
1145 3228 1235 3288 sanat

111 3331 259 3412 itemque,
288 3349 359 3394 oum
385 3330 513 3407 bibitur,
540 3331 632 3396 ualde
659 3330 888 3409 monetariis,
917 3330 970 3414 qui
997 3349 1115 3411 aquosa
1146 3330 1231 3394 rabie

111 3437 258 3501 tenentur
284 3439 316 3500 et
343 3436 396 3518 qui
424 3455 459 3501 ar
486 3456 549 3501 uua
576 3437 693 3501 marina
720 3438 921 3502 uehementer
942 3436 1112 3509 insaniunt.
1136 3436 1230 3501 huius

112 3542 194 3607 enim
216 3542 329 3624 lapidis
352 3561 463 3609 sunum
485 3543 677 3608 medicorum
699 3543 792 3627 periti
813 3543 928 3608 talibus
951 3543 1103 3607 tribuunt.
1247 3568 1269 3610 n

143 3731 162 3786 3
181 3729 252 3786 medi
265 3729 296 3794 V,
314 3746 381 3786 corr.
400 3731 482 3802 Fupp.
498 3728 533 3799 (οἱ
549 3729 784 3804 tarpole.¹Ep.²)
839 3732 1030 3787 bsurdonixV
1079 3733 1195 3802 dipsius
1208 3732 1235 3787 V

113 3823 188 3881 (unte
204 3836 222 3873 u
240 3819 329 3873 deletu
347 3820 438 3875 littera
456 3820 493 3890 al:
512 3827 559 3892 τῆς
577 3820 605 3874 tt
624 3818 704 3891 αὐτῆς
721 3821 788 3890 Ep.¹
841 3823 983 3876 Vinicium
1002 3837 1036 3876 aa
1052 3821 1186 3875 inioitium
1209 3821 1234 3874 V

111 3908 128 3961 9
146 3907 185 3961 hii
207 3907 231 3960 V
285 3907 317 3961 12
335 3920 461 3964 rorarios
480 3908 511 3973 V,
530 3908 697 3978 coru-Q.
750 3894 880 3977 ilfurt.
898 3909 997 3979 lapidis
1016 3905 1115 3963 (alius)
1134 3907 1231 3979 (tripos

112 3991 186 4046 lidos
203 3994 280 4063 Upi)
319 3995 351 4049 18
368 3996 516 4050 thebeiso:
535 3996 557 4050 dr
574 3995 666 4050 bebeia
689 3997 715 4050 V
753 3996 785 4050 19
802 3997 894 4052 thebei
916 3999 942 4052 V
974 3998 1006 4050 21
1025 3991 1234 4066 inp'osulsuitV

112 4079 146 4131 23
163 4081 276 4152 implent
297 4081 329 4147 V,
347 4084 452 4137 correxi
469 4082 617 4156 (ἐμπίπλησι
634 4084 712 4154 Ep.¹)
778 4086 813 4139 24
834 4086 962 4155 plurimus
986 4086 1100 4154 quantos
1123 4085 1154 4150 V,
1174 4100 1231 4140 eor-

111 4168 182 4220 raor':
200 4170 325 4240 plurimas
344 4174 456 4240 quantas
473 4172 556 4243 Fopp.
610 4168 644 4226 27
662 4173 762 4242 aprime
787 4173 809 4224 V
