2864 4620
209 238 273 302 502
433 235 578 290 Hcrmisda
596 235 753 302 anastasim
772 238 929 292 Anastasius
947 238 1104 293 Hormisdae

162 427 181 488 2
209 428 404 495 confidimus.
473 429 546 512 quia
573 429 672 513 igitur
695 430 907 496 dubitationes
931 432 1083 515 quaedam
1107 433 1144 497 de
1168 433 1346 499 orthodoxa

206 537 357 620 religione
388 537 420 602 in
454 535 600 620 Scythiae
631 537 774 620 partibus
806 538 954 603 uidentur
987 557 1055 603 esse
1088 543 1273 617 commotae,
1306 539 1343 605 id

205 641 383 725 specialiter
411 642 593 707 clementiae
621 645 744 706 nostrae
770 643 900 724 placuit,
930 648 968 707 ut
989 645 1176 710 uenerabilis
1200 646 1343 728 synodus

203 751 235 815 in
262 751 490 815 Heracleotana
517 747 648 812 ciuitate
674 747 853 828 prouinciae
880 749 1023 831 Europae
1052 751 1235 829 celebretur,
1264 771 1342 834 qua-

203 860 296 921 tenus
324 854 585 922 concordantibus
614 854 726 919 animis
755 858 787 918 et
814 855 898 919 omni
925 855 1058 919 ueritate
1087 855 1231 921 discussa
1261 876 1341 922 uera
1374 883 1388 922 9

203 966 281 1030 fides
317 966 425 1028 nostra
456 961 523 1026 orbi
555 964 706 1025 terrarum
740 961 826 1026 omni
857 961 1054 1026 manifestius
1085 962 1270 1042 innotescat,
1301 969 1342 1029 ut

160 1064 180 1128 3
203 1072 349 1153 deinceps
368 1069 456 1133 nulla
473 1067 576 1151 possit
594 1087 663 1132 esse
682 1067 836 1132 dubitatio
854 1066 907 1131 uel
926 1066 1090 1133 discordia.
1150 1072 1342 1151 quapropter

204 1176 353 1244 sanctitas
381 1178 437 1239 tua
465 1193 537 1238 cum
565 1174 680 1256 quibus
708 1174 768 1238 sibi
791 1175 946 1257 placuerit
976 1174 1239 1238 reuerentissimis
1273 1176 1339 1259 epi-

203 1283 317 1367 scopis,
342 1299 421 1363 quos
444 1280 482 1344 (19
515 1280 657 1347 ecclesiis
690 1280 749 1344 sub
782 1279 832 1343 sui
859 1280 1025 1350 sacerdotii
1053 1299 1127 1344 cura
1154 1281 1338 1346 constitutis

202 1390 332 1455 idoneos
356 1391 388 1451 et
410 1386 582 1451 instructos
607 1405 680 1469 erga
703 1386 905 1450 orthodoxam
927 1387 1110 1470 religionem
1135 1406 1204 1451 csse
1226 1387 1338 1471 proba·
1360 1413 1388 1453 10

201 1495 295 1574 uerit,
336 1495 375 1559 ad
410 1493 602 1578 praedict-am
637 1492 896 1556 Heracleotanam
934 1492 1096 1557 ciuitatem
1133 1492 1214 1556 intra
1251 1492 1335 1557 diem

201 1600 415 1667 Kalendarum
446 1599 598 1664 Iuliarum
632 1598 736 1662 uenire
768 1598 923 1682 dignetur.
990 1598 1073 1662 Data
1102 1597 1141 1663 V.
1169 1598 1241 1662 Kal.
1268 1598 1335 1666 Ian.

203 1705 474 1788 Constantinopoli
507 1704 654 1770 Senatore
687 1724 718 1768 u.
752 1723 778 1768 c.
816 1723 904 1769 cons.
968 1706 1108 1786 Accepta
1142 1703 1221 1786 prid.
1257 1703 1336 1769 Idus

201 1814 302 1879 blaias
325 1812 483 1877 Florentio
506 1832 537 1877 u.
562 1829 589 1875 o.
614 1829 698 1876 cons.

716 2003 823 2088 oro.)
1355 2051 1383 2092 1⁶

243 2149 397 2196 nourrsna
419 2147 595 2193 anasuasro
618 2146 770 2192 aucusro.
823 2147 883 2192 rna
906 2147 1110 2192 sunnrruucu.
1164 2127 1249 2191 Bene
1273 2125 1335 2191 cle-

199 2237 317 2302 mentia
339 2239 447 2300 uestra
469 2235 609 2313 confidit,
633 2235 718 2300 sicut
740 2234 823 2299 datis
847 2235 885 2300 ad
908 2254 957 2299 me
982 2234 1130 2318 gloriosis
1153 2232 1337 2317 designauit

201 2342 357 2419 affatibus,
391 2341 474 2423 quod
504 2340 550 2405 rei
582 2341 726 2424 publicae
758 2344 884 2406 uestrae
917 2341 1094 2423 specialiter
1124 2340 1276 2422 proficiat,
1306 2338 1335 2403 si

199 2447 332 2532 negotiis
357 2446 502 2512 omnibus
526 2446 715 2512 orthodoxae
738 2447 811 2512 fidei
834 2466 929 2513 causa
950 2452 1168 2529 praeponatur.
1188 2445 1265 2511 haec
1284 2449 1336 2510 est

200 2554 294 2632 enim,
317 2552 507 2618 uenerabilis
529 2553 708 2637 imperator,
733 2553 771 2618 de
796 2557 943 2637 suscepto
967 2554 1177 2618 moderamine
1200 2552 1332 2618 rectoris
1351 2580 1381 2620 ao

199 2680 274 2726 cura
296 2658 460 2736 salubrior,
483 2662 521 2723 ut
543 2660 611 2723 eius
635 2659 696 2723 sibi
718 2660 859 2726 fauorem
881 2679 937 2743 per
959 2664 1053 2743 opera
1073 2661 1156 2725 bona
1174 2659 1333 2746 conciliet¹

156 2765 253 2849 2qui
290 2765 473 2830 uniuersum
511 2769 543 2830 et
579 2766 697 2831 tribuet
729 2770 761 2832 et
791 2769 880 2851 reget
910 2767 1087 2848 imperium.
1119 2766 1248 2850 proinde
1280 2785 1334 2831 me

200 2891 324 2954 qnoque
352 2875 384 2935 et
412 2871 541 2936 domino
568 2876 674 2938 nostro
701 2873 775 2938 Iesu
804 2872 929 2938 Christo
963 2874 1110 2938 conuenit
1142 2871 1330 2956 supplicare„

191 2963 236 3042 ut
258 2976 373 3060 quide
398 2976 549 3042 ecclesiae
573 2999 648 3043 surae
672 2979 836 3044 concordia
857 2980 1008 3063 pietatem
1030 2980 1169 3044 uestram
1193 2978 1332 3062 cogitare

198 3082 311 3160 uoluit,
338 3081 421 3146 hunc
455 3101 548 3167 super
578 3085 637 3148 bac
668 3087 755 3168 parte
789 3085 959 3149 concedere
992 3084 1139 3169 dignetur
1171 3083 1329 3160 effectum,
1349 3110 1377 3153 aa

199 3190 352 3269 quatenus
371 3189 566 3270 temporibus
585 3190 701 3255 uestris
721 3190 891 3255 orthodoxa
908 3190 968 3254 lide
986 3191 1147 3274 praeditus
1162 3189 1331 3255 uniuersus

197 3297 350 3358 terrarum
380 3295 464 3359 orbis
494 3297 620 3362 exultet.
658 3296 696 3360 de
723 3296 773 3361 his
801 3305 887 3376 uero,
912 3315 990 3380 quae
1012 3314 1068 3380 pro
1092 3296 1234 3380 synodali
1257 3313 1330 3360 con-

234 3550 247 3603 1
269 3550 332 3619 quia
351 3570 377 3604 o:
396 3567 450 3620 qua
472 3550 499 3605 V
547 3552 565 3605 4
583 3552 770 3606 areocleotana
787 3553 818 3618 V,
838 3568 905 3608 corr.
925 3551 952 3607 0²
1005 3556 1021 3609 9
1041 3571 1107 3624 quos
1126 3574 1152 3608 o:
1173 3555 1244 3626 quod
1258 3571 1329 3610 com-

191 3665 295 3734 pendio
308 3665 464 3734 pietumV
522 3667 554 3720 11
574 3668 768 3721 eraclcotanam
792 3667 818 3721 V
887 3668 930 3722 die
952 3669 983 3734 V,
1003 3686 1103 3725 cocao
1168 3671 1201 3724 14
1222 3637 1284 3724 uias
1305 3669 1332 3724 V

232 3752 298 3808 11⁰.
369 3751 438 3808 Dat.
463 3772 492 3809 a.
512 3757 565 3807 515
584 3755 1014 3826 die81a1.perScueriaaanr;
1035 3760 1177 3828 respondet
1195 3760 1331 3828 epistulae

195 3843 259 3897 109.
311 3842 385 3896 an.
409 3841 471 3896 Car.
489 3841 520 3895 1²
539 3847 607 3910 441,-
625 3845 694 3918 Bar.
715 3844 753 3898 ad
771 3862 797 3899 a.
819 3849 948 3912 515,16;
973 3846 1080 3902 0911991.
1104 3848 1223 3914 Concil.;
1245 3848 1329 3901 RTA

195 3929 216 3984 Ι
233 3933 302 3998 371,·
323 3931 403 3984 Tbiel
422 3935 488 3985 747.
576 3933 608 3987 16
627 3950 674 4002 per
693 3933 865 3988 Seueriannm
884 3935 1029 3990 minutiore
1047 3935 1202 3992 charactere
1219 3936 1327 4006 inipso

195 4019 338 4073 acerborum
360 4019 502 4073 ordiaeV
563 4021 597 4077 22
616 4021 712 4075 tribuit
736 4025 763 4074 et
780 4024 851 4092 regit
872 4023 942 4076 Bar.
1003 4025 1330 4094 majordomatum

195 4107 230 4160 24
248 4108 294 4177 qui
313 4107 346 4162 (lc
365 4124 393 4162 a:
412 4109 458 4178 qui
476 4107 494 4161 (1
516 4108 542 4162 V
