2864 4620
175 317 238 382 800
652 312 821 384 Appendices

173 515 260 580 Petri
292 514 440 597 episcopi,
474 513 512 576 ad
544 530 634 593 quem
668 509 847 592 pellendum
878 509 969 573 missi
999 508 1132 572 fuerant.
1165 507 1296 572 Aeacius

123 624 164 686 23
175 640 308 704 namque
336 618 541 684 contumelias
568 617 600 680 in
629 615 812 698 episcopum
839 615 1008 680 Iohannem
1036 614 1156 678 direxit.
1184 614 1296 696 quibus

176 727 321 791 omnibus
345 723 611 807 patefactissimus
634 741 713 804 papa
736 721 824 785 Felix
847 725 1023 786 commotus
1046 721 1156 785 habita
1182 721 1297 803 synodo

176 833 312 911 Uitalem
349 834 381 895 et
415 831 574 894 Misenum
607 828 645 892 ab
677 827 779 892 officio
813 830 845 891 et
876 828 1092 892 communione
1125 827 1297 908 suspendit,

175 938 325 1002 Acacium
352 954 425 1000 uero
454 934 623 998 damnauit.
653 933 743 998 cuius
771 933 901 997 audacia
924 932 1076 998 deteriora
1098 933 1297 997 committens
1344 965 1364 993 =

176 1044 270 1108 etiam
293 1042 384 1106 illum
405 1041 533 1105 Petrum
556 1040 787 1104 Antiochenam
810 1039 907 1104 eiecto
928 1039 1081 1104 catholico
1101 1038 1297 1113 calendione,

176 1169 269 1232 quem
290 1149 358 1231 ipse
382 1147 586 1224 ordiremini,
611 1146 650 1210 ad
671 1145 911 1210 Antiochienam
934 1145 1022 1210 misit
1044 1145 1221 1210 ecclesiam.

701 1340 773 1403 IIII.

267 1485 386 1530 INCIPIT
409 1451 549 1528 planitiis
572 1481 789 1528 Paorssslonls
812 1482 897 1527 FIDEI
921 1481 1001 1537 eorl
1025 1481 1208 1526 consolatam

175 1592 260 1636 PAPA
286 1590 438 1634 mommsen
466 1588 551 1633 SEDIS
580 1586 793 1632 APOS'I'OLIGAII
821 1587 896 1631 DARI
923 1589 946 1632 A
973 1586 1112 1632 SINGULIS
1141 1587 1297 1632 EPISOOPIS

379 1691 381 1693 ’
636 1693 843 1739 GRAECIARUIA.

218 1819 331 1866 nonrno
356 1818 474 1864 sarrano
498 1818 540 1863 no
564 1818 823 1864 nnnnnnumssmo
849 1817 937 1862 unms
966 1817 1066 1862 ronna
1094 1818 1200 1863 Perna
1228 1819 1298 1864 noa·

174 1927 298 1972 msonn.
365 1906 470 1971 PrIma
502 1907 588 1970 salus
621 1908 722 1970 rectae
754 1904 827 1969 fidei
858 1906 1000 1990 regulam
1033 1905 1192 1970 custodire
1224 1910 1256 1971 et
1282 1926 1306 1970 a

176 2013 357 2079 constitutis
391 2016 515 2096 patrum
547 2013 727 2078 nullatenus
761 2012 895 2077 deniare.
930 2015 962 2076 et
994 2012 1067 2094 quia
1098 2032 1159 2077 non
1195 2015 1308 2094 potest

176 2119 292 2185 domiui
315 2119 414 2184 nostri
435 2119 508 2184 Iesu
533 2118 651 2183 Christi
672 2119 879 2200 praetermitti
903 2119 1056 2183 sententia
1079 2119 1229 2184 dicentis:
1256 2123 1307 2184 tu
1342 2141 1361 2182 a

176 2225 1304 2307 csPetrusetsuperhancpetramaedificaboecclesiam

77 2341 81 2348 '
174 2351 312 2410 meam,
342 2333 428 2410 haec,
456 2343 535 2413 quae
564 2330 648 2395 dicta
675 2334 757 2411 sunt,
788 2351 892 2395 rerum
923 2332 1095 2414 probantur
1125 2331 1303 2409 effectibus,

263 2471 296 2525 15
315 2470 412 2524 Matth.
433 2471 474 2533 16,
494 2470 527 2524 18

210 2595 226 2648 3
245 2593 474 2663 patefactissImue
491 2594 531 2648 oie
549 2595 616 2658 coel,
635 2596 654 2651 i.
667 2613 688 2648 e.
708 2595 878 2649 beatissimus
896 2597 941 2649 ael
957 2594 1101 2666 patefactis
1119 2596 1295 2658 beatissimus,

175 2684 208 2749 of.
223 2698 253 2750 p.
272 2683 345 2754 4529,
364 2683 500 2752 aliquae
518 2683 550 2736 ele
571 2683 611 2737 W
624 2684 775 2738 subnotant
792 2685 913 2753 eorripao
930 2685 1012 2738 aelim
1079 2684 1095 2738 6
1115 2685 1294 2750 calendinipne

175 2771 190 2822 7
210 2769 406 2823 antiochienam
425 2786 492 2825 corr.
512 2787 544 2824 ea
562 2765 759 2824 antiochianam

208 2858 272 2911 1111.
321 2857 504 2922 1111111111
521 2859 687 2914 Hormiaelae
704 2877 788 2929 napae
806 2861 845 2914 ad
861 2868 984 2915 nostram
1003 2867 1118 2915 aetatem
1130 2862 1239 2928 famosi
1255 2877 1294 2914 ser

174 2950 269 2998 entant
286 2945 454 3013 enanplarta
472 2963 555 3012 eaque
572 2946 662 3000 nertio
680 2947 724 3001 laic
741 2948 800 3001 illie
817 2949 888 3002 inter
905 2964 932 3002 ee
951 2949 1099 3004 distantia:
1136 2950 1165 3012 1)
1186 2950 1293 3003 adinno-

175 3033 362 3088 tnmr'nde'calo
371 3033 437 3088 dato
453 3035 487 3088 ab
505 3035 657 3089 Hormiada
675 3037 771 3105 lepatlo
783 3038 841 3090 onis
855 3037 898 3092 elie
911 3043 941 3090 11
953 3039 1022 3107 Anp.
1040 3040 1093 3090 515
1106 3039 1293 3092 Constantino-

169 3122 258 3190 polim
269 3121 504 3190 proficiscentibus
522 3148 554 3169 =
573 3125 729 3178 Anellanae
747 3141 785 3192 ep.
805 3125 888 3179 116b.
942 3125 969 3191 2)
990 3126 1151 3180 adiunctam
1169 3127 1295 3195 epistulae

175 3211 210 3264 ab
228 3207 381 3266 Hormisdou
399 3210 443 3264 elie
454 3213 472 3265 2
484 3212 553 3280 Apr.
570 3215 624 3265 517
639 3212 677 3266 ad
690 3214 827 3282 episcopos
843 3214 1001 3282 Hispaniae
1020 3215 1102 3268 datae
1120 3221 1145 3270 et
1162 3221 1295 3269 sernatnm

173 3299 234 3353 oola
253 3302 341 3366 (errat
363 3299 440 3353 Ileiel
452 3317 482 3368 p.
505 3303 560 3354 776
579 3301 643 3356 arla.
668 3306 696 3372 1)
717 3302 871 3356 collectione
883 3304 1016 3371 Hr'opana
1035 3304 1087 3371 (erl.
1104 3305 1248 3360 Genealee.
1266 3303 1297 3358 11

49 3443 72 3462 ,Ι
169 3404 199 3456 p.
220 3390 288 3454 149,·
309 3386 386 3441 Tleiel
406 3390 486 3456 793).
576 3391 605 3456 3)
630 3391 760 3444 trecentum
783 3393 915 3459 epistulae
937 3393 1072 3447 Iohannis
1097 3392 1241 3462 OpoIItani
1264 3392 1296 3446 ad

174 3474 352 3529 Hormiedam
371 3476 414 3530 die
430 3480 465 3530 22
482 3478 550 3546 Apr.
573 3482 628 3531 519
645 3481 745 3533 missae
762 3481 932 3548 traditaeque
954 3482 1156 3536 collectionituo
1174 3489 1199 3536 et
1216 3484 1294 3537 Anel·

176 3564 244 3618 lana
263 3567 314 3631 (ep.
334 3567 402 3632 159)
422 3570 446 3618 et
464 3565 596 3634 Hispana
615 3567 668 3634 (ed.
690 3568 832 3622 Geneatae.
852 3570 891 3622 ΙΙ
900 3586 930 3637 p.
950 3572 1028 3637 144).
1095 3571 1123 3637 4)
1145 3573 1241 3626 elatam
1259 3572 1296 3626 elie

174 3654 210 3704 16
231 3651 319 3705 Mart.
348 3655 407 3705 536
433 3670 450 3707 a
477 3655 637 3710 Iaota'niano
655 3657 818 3725 Imperatore
843 3659 882 3710 ad
905 3659 1057 3727 Apapetnm
1083 3683 1117 3706 =
1145 3661 1296 3714 Auellanae

174 3755 214 3807 ep.
234 3743 279 3793 89,
335 3743 363 3809 5)
384 3741 480 3795 datam
498 3743 589 3797 eodem
607 3743 650 3797 are
669 3745 707 3798 ael
725 3745 837 3799 eandem
850 3746 1002 3815 Apapetam
1017 3765 1036 3800 a
1049 3747 1136 3803 Mena
1156 3749 1296 3819 cpolitano

174 3854 208 3874 =
226 3830 316 3885 Aaell.
336 3846 376 3899 ep.
398 3832 443 3884 90.
499 3834 528 3897 6)
548 3839 686 3886 canalem
703 3835 735 3887 in
753 3834 842 3888 codiee
858 3836 885 3888 B
903 3859 937 3881 =
955 3837 1128 3891 Berolinenei
1153 3842 1191 3892 79
1210 3840 1296 3906 (Pail-

175 3918 240 3986 le'pp.
256 3920 343 3978 1776)
363 3935 431 3973 saec.
450 3920 500 3973 IX
511 3920 565 3987 sol.
587 3924 663 3988 77a,
682 3922 755 3989 qnod
776 3923 820 3976 laic
842 3939 886 3992 epo
906 3925 1013 3993 primm
1033 3926 1076 3980 ita
1098 3928 1297 3995 exprimendam

175 4007 280 4070 careni,
307 4012 340 4061 nt
364 4009 521 4076 corriperem
542 4025 599 4062 non
620 4011 676 4064 nisi
699 4028 739 4074 ea,
762 4028 832 4079 qnae
852 4013 910 4066 sine
931 4013 989 4068 allo
1020 4014 1102 4069 dallo
1126 4015 1296 4072 librariorum

173 4094 298 4149 incuriae
317 4096 500 4151 attribuenda
518 4104 589 4161 eant
663 4099 696 4154 10
713 4101 779 4168 fort.
798 4100 856 4154 sedi
927 4103 959 4155 13
978 4106 1050 4156 recte
1068 4103 1097 4157 B
1160 4106 1296 4175 14qu

176 4183 208 4236 15
227 4184 371 4253 priremitti
390 4185 417 4237 B
472 4186 504 4240 16
523 4185 687 4241 haedificabo
706 4189 733 4241 B
810 4243 811 4247 ,
