2864 4620
169 263 233 361 658
400 293 519 347 Iustinus
537 263 708 356 Hormisdac;
726 291 889 345 lastinianus
908 291 1066 346 Hormisdae

166 491 274 553 menta
296 486 446 552 salutaria
467 479 895 568 uestrae‘ui'tae'suffragare
919 485 1074 568 dignetur,
1094 488 1251 568 quatenus
1271 491 1304 552 te

166 593 314 677 peruigili
350 592 468 676 poterit
503 593 611 657 contra
646 590 795 655 aduersos
832 593 864 654 et
899 590 1024 655 rabidos
1061 611 1153 658 canes
1196 595 1303 658 status

167 698 318 764 ecclesiae
340 697 503 763 uindicari.
528 695 866 774 etenim,‘uenerabilis
889 699 987 779 pater,
1011 698 1096 780 quod
1118 697 1155 763 de
1173 701 1305 764 nostrae

165 806 239 870 fidei
265 805 446 888 integritate
476 822 583 869 curam
611 803 704 887 geris,
733 803 861 867 uicariis
890 803 1020 886 gloriosi
1045 804 1133 867 Petri
1165 805 1305 886 apostoli

166 912 230 977 ista
261 910 462 988 conueniunt,
496 909 548 974 cui
580 908 724 974 dominus
760 909 984 991 pascendarum
1021 910 1130 975 ouium
1165 911 1347 976 iniunxite

123 1017 142 1077 2
167 1017 316 1084 officium.
337 1017 511 1100 cognoscat
534 1033 608 1100 ergo
631 1018 688 1079 tua
709 1034 765 1098 pro
788 1014 879 1081 nobis
903 1017 1012 1079 sancta
1034 1016 1217 1082 sollicitudo
1242 1037 1303 1083 nos

164 1123 286 1189 firmius
314 1126 419 1188 tenere
450 1123 554 1187 rectae
584 1120 657 1186 fidei
688 1119 868 1186 firmitatem
900 1121 1104 1201 immobilem,
1135 1142 1191 1205 pro
1225 1142 1301 1208 qua,

165 1250 204 1297 ne
237 1229 304 1294 eins
336 1224 530 1293 'uiolaremus
568 1226 816 1304 sanctimoniam,
852 1228 1004 1292 hactenus
1039 1229 1301 1312 repugnauimns.

167 1336 251 1419 quod
277 1352 352 1399 uero
380 1338 457 1399 tuus
486 1332 681 1416 apostolatus
709 1353 764 1417 pro
792 1335 897 1398 tantae
920 1332 1048 1417 pietatis
1072 1353 1167 1399 cause
1188 1353 1301 1400 curam

164 1442 245 1506 ferre
266 1439 435 1522 praecepit,
458 1438 492 1503 in
514 1442 665 1521 quantum
688 1439 861 1522 potuimus,
884 1458 940 1522 pro
959 1439 1076 1504 nostris
1094 1440 1218 1504 uiribus
1237 1459 1301 1506 non
1320 1463 1346 1503 ιο

166 1546 340 1613 desinimus
352 1543 476 1629 spiritu
498 1543 637 1609 lenitatis
661 1545 810 1610 aduersos
834 1545 1000 1611 admonere
1019 1545 1068 1610 dei
1085 1546 1179 1618 nobis
1194 1546 1302 1630 gratia

167 1653 363 1736 cooperante.

424 1985 582 2031 uruntur
604 1985 726 2032 SAGRAE
749 1986 867 2032 Iusunu
888 1978 1032 2032 AUGUSTI.

209 2107 350 2156 meruius
381 2107 540 2154 eueusrus
572 2107 746 2154 nonnanes
777 2108 893 2154 rarus.
960 2090 1044 2154 Dum
1075 2089 1300 2157 beatissimum
1319 2115 1341 2155 n

167 2198 358 2264 Germanum
385 2194 568 2277 episcopum
596 2194 650 2258 uel
678 2212 741 2272 eos,
769 2195 824 2276 qui
851 2213 924 2260 cum
951 2214 986 2260 eo
1014 2215 1032 2260 a
1057 2193 1150 2260 uobis
1171 2194 1300 2260 fucrant

166 2301 324 2379 destinati,
353 2299 391 2366 de
418 2301 477 2366 hac
501 2299 731 2364 dimitteremus
753 2300 840 2385 regia
862 2300 1005 2379 ciuitate,
1025 2288 1216 2365 huiusmodi
1229 2299 1298 2365 illis

165 2408 311 2474 mandata
328 2405 526 2484 tradidimus,
546 2405 631 2488 quod
649 2405 795 2488 capitula,
812 2425 891 2488 quae
905 2406 944 2471 ad
957 2406 1127 2490 perfectam
1141 2405 1298 2472 unitatem

166 2513 371 2580 ecclesiarum
384 2512 590 2594 pertinebant,
607 2513 798 2595 apostolatui
811 2514 917 2579 uestro
930 2532 986 2597 per
1003 2505 1297 2577 reuerentissimum

164 2621 333 2706 Iohannem
370 2617 553 2702 episcopum
589 2621 768 2700 sequenter¹
790 2617 957 2684 manifesta
991 2611 1177 2684 faceremus.
1214 2635 1296 2699 quae
1312 2645 1337 2685 so

124 2725 270 2814 2tamen
302 2723 382 2805 ipsis
413 2722 465 2790 hic
496 2722 712 2807 praesentibus
743 2723 868 2788 fuerant
899 2722 1064 2789 declarata.
1097 2722 1153 2788 sed
1188 2706 1296 2787 euenit

164 2829 339 2913 praelatum
361 2828 531 2908 Iohannem
555 2828 729 2894 antistitem
750 2831 846 2913 longa
868 2829 1062 2914 aegritudine
1083 2828 1227 2895 detineri.
1248 2847 1295 2894 ne

166 2953 228 3018 qna
252 2933 351 3018 igitur
376 2936 515 2999 uestram
540 2935 746 3001 reuerentiam
768 2934 963 3020 ingrediatur
983 2935 1115 3000 aduema
1137 2935 1297 3002 sententie

166 3040 255 3124 quasi
283 3039 373 3104 nobis
400 3040 557 3122 promissa
582 3040 691 3105 nostra
717 3040 838 3108 desidia
864 3041 998 3123 quadem
1023 3041 1167 3107 ultronee
1188 3041 1295 3108 minus

165 3144 205 3210 ad
240 3142 387 3211 effectum
421 3143 675 3229 perducentibus,
715 3144 946 3214 necessarium,
968 3163 1038 3212 esse
1077 3148 1294 3231 perspeximus
1311 3174 1337 3226 a,

165 3249 323 3315 dilationis
347 3267 474 3314 oausam
496 3249 587 3315 uobis
607 3268 755 3333 exponere
772 3268 828 3332 per
844 3250 1016 3336 Eulogium
1035 3271 1066 3320 u.
1086 3271 1111 3317 s.
1130 3253 1295 3321 tribunum

165 3359 197 3421 et
222 3353 389 3432 notarium,
417 3373 511 3436 quern
539 3354 579 3419 ad
600 3347 797 3439 praecelsum
819 3376 926 3441 regem
948 3357 1178 3425 Theodericum
1200 3379 1296 3446 super

163 3458 300 3543 negotiis
319 3458 507 3541 quibusdam
525 3460 768 3549 transmisimus,
786 3461 846 3528 hoc
864 3481 989 3546 qnoque
1007 3461 1178 3529 adicientes
1189 3458 1293 3547 ¹quod,

252 3625 268 3679 5
288 3623 321 3680 ci.
339 3623 398 3678 Ioh.
418 3624 460 3688 21,
480 3625 512 3678 17

201 3739 219 3791 1’
234 3737 375 3808 suffragari
395 3737 459 3793 Car.
534 3739 656 3810 2possit
673 3738 701 3794 ο2
775 3741 940 3796 biniuncxit
962 3742 988 3796 V
1066 3741 1250 3798 8uiolaretur
1267 3743 1296 3798 o²

164 3827 340 3880 sanctimonie
364 3824 411 3890 Vc,
435 3827 539 3882 corraei
573 3825 575 3829 ’
610 3829 641 3882 ll
659 3828 720 3887 <et>
735 3828 779 3883 dei
800 3829 889 3898 inepte
919 3830 983 3884 Gar.
1005 3831 1171 3901 mamone
1197 3831 1295 3892 &aaa

166 3914 246 3968 ‘deest
260 3914 400 3982 reliquum*
921 3984 923 3987 Ι

201 4001 267 4056 199.
302 4004 370 4059 Dat.
390 4003 485 4071 (amul
501 4019 562 4058 cam
579 4020 619 4073 cp.
637 4008 712 4074 200)
732 4024 758 4061 a.
780 4009 837 4061 520
854 4007 898 4062 die
917 4011 951 4062 31
967 4008 1047 4078 dap,
1062 4024 1115 4076 per
1131 4008 1294 4079 Ealopirror,⁸

165 4094 275 4158 accepta
293 4090 338 4144 dic
354 4094 369 4144 1
389 4091 495 4146 Octobr.
547 4091 621 4148 Edu.
643 4091 707 4147 Car.
725 4093 756 4149 1²
775 4097 846 4161 545,·
867 4095 974 4152 Collect.
990 4095 1109 4164 Concil.;
1129 4096 1209 4152 Tutel-
1227 4101 1293 4154 938.

164 4177 199 4231 24
217 4177 320 4233 desidia
340 4179 374 4244 V,
393 4195 462 4234 corr.
481 4198 495 4232 o
550 4181 585 4236 25
603 4183 798 4252 perspccxinms
821 4182 847 4236 V
