2864 4620
426 111 511 181 apiae.
531 109 727 166 ccxxxruu
746 112 856 168 re-ar.
1134 115 1197 179 749

78 324 158 370 nunc
182 306 282 371 multo
305 306 412 388 plures
436 310 520 382 sunt,
544 305 659 388 quippe
678 304 774 370 diuisi
793 325 811 369 a
829 306 987 384 societate,
1007 326 1100 389 quam
1117 307 1199 371 inter
1311 358 1312 362 ,

78 431 111 477 se
141 411 229 494 pu'us
261 396 443 490 habuerant,
470 411 584 476 Dibeni
612 411 650 474 ab
677 410 923 495 Ichthyophagis
952 414 992 476 et
1011 410 1199 476 Sirindibmi

77 519 117 583 ab
136 517 286 582 Euilaeis.
311 517 348 581 de
370 517 420 581 bis
444 519 559 595 autem,
580 536 651 581 cum
669 535 778 583 rursus
798 535 904 581 eorum
923 516 962 581 ad
980 519 1049 583 loca
1067 521 1197 582 uentum

76 625 179 702 luerit,
206 624 356 691 historica
387 624 560 688 narratione
590 624 763 688 referimus,
793 643 885 689 mons
918 627 1033 703 autem,
1066 624 1104 689 de
1135 643 1196 706 quo
1312 629 1314 631 ’

38 752 56 788 ⁵
77 750 158 796 nuuc
184 731 274 796 nobie
303 744 404 795 sermo
433 732 491 808 est,
515 731 590 793 tunc
612 729 761 795 Romanis
786 730 852 792 erat
874 728 1030 793 subditus.
1056 728 1249 812 smaragdi

77 837 184 901 diuum
206 856 280 902 uero
305 835 351 900 sie
374 837 507 900 uocatur
528 835 711 900 naturaliter
733 835 837 899 insula
859 835 992 912 modica,
1012 854 1046 900 er
1066 835 1196 902 aduerso

76 942 137 1008 sita
154 941 333 1019 Berenicae,
352 941 384 1005 in
403 960 465 1024 qua
482 943 592 1023 portus
612 944 666 1005 est
674 940 779 1005 Indiae
794 940 929 1024 dirigens
944 941 982 1005 ad
996 941 1196 1018 Thebaidem,

75 1068 153 1132 quae
185 1068 204 1112 a
235 1047 404 1113 continent'
438 1050 520 1112 terra
551 1046 707 1112 Thebaica
738 1047 835 1112 distat
865 1046 959 1110 unius
992 1045 1053 1110 diei
1091 1064 1195 1123 cursu,

75 1175 145 1219 cum
178 1159 227 1219 est
257 1154 421 1238 nauigium
451 1173 645 1237 prosperum,
680 1153 740 1218 hoc
776 1155 826 1218 est
859 1152 989 1216 milibus
1026 1151 1194 1235 octoginta.

14 1278 58 1321 ιο
74 1261 223 1346 contigua
254 1263 304 1326 est
334 1265 440 1325 autem
472 1257 632 1337 Berenice,
665 1277 744 1342 quae
777 1258 822 1325 sic
858 1258 1041 1341 appellatur,
1077 1258 1195 1342 regioni

74 1366 298 1451 Elephantinae
316 1386 374 1432 nec
392 1386 452 1431 non
471 1369 503 1430 et
521 1365 630 1444 Telmi,
651 1384 730 1448 quae
748 1383 830 1429 nunc
843 1384 862 1428 a
873 1364 1012 1448 Blempis
1027 1363 1193 1429 obtinetur.

75 1475 256 1538 corruerunt
283 1477 388 1537 autem
415 1472 530 1537 montis
558 1472 652 1536 huius
675 1471 803 1535 metalla
826 1473 962 1552 suntque
984 1470 1112 1536 metalla
1133 1471 1196 1534 alia

73 1580 101 1643 in'
130 1578 272 1662 ipsorum
298 1579 439 1643 barbaria
466 1578 667 1662 Blemyomm
692 1578 778 1641 iuxta
805 1566 948 1642 Telmeos
976 1577 1007 1640 in
1034 1576 1194 1640 montibus

74 1685 255 1762 constituta,
283 1704 362 1768 qnae
385 1703 467 1749 nunc
491 1684 672 1762 effodientes
694 1683 817 1747 barbari
840 1681 1020 1766 smaragdos
1042 1682 1194 1747 incidunt.

21 1808 59 1848 1⁵
73 1791 122 1856 uis
146 1794 250 1856 autem
274 1790 387 1873 lapidis
410 1790 504 1854 huius
527 1789 559 1854 in
582 1789 803 1872 speculandam
824 1788 953 1864 faciem;
973 1787 1088 1853 dicitur
1105 1790 1138 1852 et
1156 1789 1245 1853 abac

73 1897 131 1971 his,
156 1897 211 1978 qui
233 1897 377 1962 fabulosa
399 1896 590 1980 confingunt,
612 1896 773 1978 praescius
797 1913 866 1960 esse
888 1893 1076 1984 futurorum

113 2023 154 2068 nn
170 2023 282 2068 aaaron
301 2021 511 2068 ermonense.
567 2001 781 2068 Carbunculus
795 2001 890 2065 babet
904 2000 1040 2083 speciem
1053 1999 1245 2087 rubricae23

72 2110 164 2174 nimis
191 2109 403 2174 acutissimae.
430 2107 570 2173 nascitur
592 2109 697 2172 autem
720 2106 803 2188 apud
827 2087 1046 2191 Carthaginem
1067 2105 1193 2198 Libyae,

72 2235 150 2298 quae
168 2240 170 2242 ’
185 2215 293 2280 Africa
328 2216 468 2280 uocatur.
507 2212 561 2278 alii
593 2231 668 2280 nero
705 2212 814 2277 dicunt
847 2213 932 2277 huuc
971 2211 1105 2294 lapidem
1148 2213 1194 2277 sic

29 2340 58 2380 se
73 2321 222 2387 inueniri:
250 2341 310 2386 non
333 2321 435 2385 uideri
457 2339 513 2402 per
535 2318 618 2382 diem
641 2317 696 2383 sed
717 2338 773 2402 per
793 2320 933 2396 noctem;
956 2319 1066 2400 procul
1088 2322 1194 2382 autem

72 2428 103 2492 in
131 2427 259 2492 modurn
285 2425 439 2508 lampadis
466 2424 518 2489 uel
545 2424 686 2489 carbonis
712 2423 795 2508 ignis
828 2425 1010 2488 naturaliter
1041 2423 1193 2488 scintillas

73 2517 215 2598 emittere
238 2535 270 2597 et
291 2532 367 2596 hora
389 2530 514 2614 quidem
538 2529 632 2595 sicuti
655 2530 746 2594 carbo
769 2529 851 2614 ignis
870 2530 1007 2606 accendi,
1027 2530 1102 2595 bora
1119 2549 1192 2594 uero

73 2637 223 2715 desinere,
246 2638 292 2702 ita
312 2639 353 2701 ut·
372 2637 568 2721 splendorem
590 2637 669 2715 eius,
693 2637 747 2719 qui
769 2638 851 2702 hunc
873 2637 1010 2720 lapidem
1033 2639 1192 2719 quaeruut,

74 2742 195 2807 eminus
217 2743 376 2808 intuentes
400 2744 438 2807 ob
462 2743 522 2808 boc
544 2744 659 2825 ipsum,
678 2743 762 2825 qnod
779 2761 835 2828 per
853 2742 1018 2815 interualla
1036 2746 1194 2824 comparet

35 2873 56 2914 u
74 2853 105 2911 et
131 2866 240 2912 rursus
268 2847 469 2930 extinguitur,
498 2860 571 2912 eum
599 2866 668 2912 esse
692 2849 882 2932 cognoscant
904 2849 1132 2931 pergentesque
1155 2845 1193 2908 ad

74 2954 141 3019 eius
169 2952 324 3047 fulgorem
352 2954 397 3018 ita
422 2953 587 3040 reperient.
616 2954 672 3018 sed
694 2954 748 3036 qui
772 2973 844 3018 eum
865 2955 979 3035 portat,
1003 2972 1074 3016 eum
1096 2952 1193 3016 latere

72 3081 133 3126 uon
165 3063 285 3142 potest3
317 3079 388 3125 nam
421 3060 616 3141 quibuslibet
647 3059 843 3128 uestimentis
880 3058 1012 3136 occulat,
1050 3058 1194 3140 splendor

74 3170 159 3231 entra
181 3166 370 3230 uestimenta
388 3165 541 3231 conlucet.
561 3165 643 3229 unde
663 3169 696 3230 et
713 3165 925 3244 carbunculus·
939 3164 1115 3247 appellatus
1135 3167 1192 3240 est,

74 3263 113 3336 ob
145 3272 224 3336 hanc
257 3273 381 3337 scilicet
410 3290 546 3346 cansam.
578 3290 744 3354 parumper
771 3272 874 3335 autem
902 3272 934 3334 et
960 3268 1122 3334 ceraunius
1148 3270 1245 3342 ita24

81 3565 233 3633 *leutV
315 3565 529 3634 dictbiophagis
552 3564 578 3618 V
642 3563 798 3618 ‘lberonice
817 3562 843 3616 V
921 3561 1091 3617 8Thebaida
1110 3562 1193 3632 Fopp.

74 3652 107 3706 10
128 3651 250 3724 beronice
277 3651 308 3717 V,
331 3652 475 3707 Berenicae
497 3652 580 3721 Fopp.
671 3652 701 3705 11
726 3651 759 3705 ab
781 3651 865 3721 lemys
892 3650 928 3705 V:
952 3667 968 3704 a
989 3650 1089 3705 Blemis
1111 3649 1153 3704 Fo
1168 3667 1192 3720 9.

74 3741 106 3794 13
116 3740 244 3795 Barbaria
252 3741 335 3810 Fopp..
384 3741 573 3810 blemmyorum
588 3740 615 3794 V
665 3738 769 3794 Telmin
784 3739 947 3795 cutl'ulmin
961 3738 1043 3808 Fopp.
1081 3738 1113 3792 18
1132 3755 1193 3792 acn-

71 3829 175 3882 tissime
194 3829 219 3881 V
269 3830 301 3882 21
321 3829 452 3898 lampadis
470 3830 567 3898 scrupea
585 3827 729 3901 (λαμπάδος
746 3826 901 3900 apruno:
919 3827 1018 3899 lapidis
1041 3827 1068 3881 V
1138 3828 1192 3880 sin-

69 3916 146 3969 tillas
168 3917 195 3969 V
256 3917 290 3972 26
309 3917 392 3970 latere
414 3919 560 3972 tranatico
584 3923 754 3987 caumatum,
778 3923 810 3972 ut
832 3918 903 3972 idem
924 3919 961 3972 cit
983 3917 1056 3986 quod
1077 3916 1196 3970 occulere

72 4002 274 4076 (βασταζόμενον
293 4002 319 4056 be
339 4003 461 4057 ἀδύνατον
473 4002 613 4058 ,διαλαθεῖν
630 4003 708 4074 Ispss)
761 4007 794 4060 29
814 4009 842 4063 et
864 4007 898 4061 V:
917 4009 945 4059 ct
958 4006 1034 4074 <qui>
1046 4003 1072 4056 0²
