2864 4620
496 288 581 358 Epist.
601 285 795 342 ccxmxrrrr
812 287 924 340 or-eo.
1221 288 1280 350 771
1380 301 1382 304 ’

157 489 232 548 sunt
265 485 419 548 elementa
449 482 635 556 litterarum,
670 480 783 561 quibus
816 479 953 543 Hebraei
980 482 1122 555 utuntur,
1149 479 1285 560 librique

158 610 265 655 eorum
294 609 353 653 non
382 592 458 652 sunt
482 587 591 668 scripti
613 587 700 650 iuxta
723 587 861 649 ueterem
884 585 1027 662 formam,
1052 604 1130 666 quae
1152 587 1229 649 tunc
1251 584 1283 648 in

157 697 274 760 tabulis
308 694 439 777 lapideis
475 695 598 758 constat
629 692 796 773 insculpta.
825 692 902 755 haec
930 691 1027 773 igitur
1053 690 1163 768 forma,
1191 710 1284 774 qnam

158 821 240 866 nnnc
271 795 379 866 tenent
409 799 527 875 Iudaei,
561 800 693 862 uocatur
734 797 960 862 somabirenns.
994 795 1179 861 Samaritani
1210 815 1284 860 nero

130 910 285 971 ⁵seruant
332 907 512 982 deessenon,
550 923 628 987 qnae
665 903 765 967 forma
795 902 857 966 fnit
888 902 974 980 olim,
1006 906 1043 966 nt
1074 901 1221 981 diximus,
1253 902 1284 965 in

159 1013 276 1078 tabulis
308 1012 460 1095 impressa
490 1009 633 1093 lapideis.
665 1011 698 1073 at
728 1008 851 1072 Hesdra
878 1007 1048 1072 ascendens
1077 1027 1095 1071 a
1121 1008 1281 1091 Babylone
1293 1005 1334 1068 96

159 1121 329 1200 nolensque
362 1117 535 1181 discernere
566 1114 685 1180 Israhel
717 1134 735 1178 a
765 1113 893 1195 reliquis
926 1113 1082 1197 gentibus,
1114 1117 1151 1178 nt
1182 1131 1281 1197 genus

159 1224 300 1289 Abrahae
335 1242 396 1287 non
432 1221 594 1287 uideretur
628 1239 699 1285 esse
729 1219 917 1302 permirtum
949 1238 1020 1284 curn
1051 1219 1281 1284 habitatoribus

159 1335 268 1407 terrae,
302 1329 355 1410 qui
386 1330 495 1393 tonent
527 1327 654 1411 quidem
681 1326 797 1409 legem,
825 1344 886 1391 non
914 1328 1018 1390 tamen
1047 1329 1078 1390 et
1104 1326 1282 1408 propbetas,

120 1450 142 1488 1⁰
158 1435 342 1499 immutanit
368 1434 532 1516 pristinam
568 1432 702 1497 formam
733 1431 912 1514 relinquens
945 1431 1125 1510 deessenon‚
1157 1434 1285 1513 propter

161 1541 244 1624 quod
268 1559 304 1605 ea
324 1539 426 1605 forma
448 1558 467 1603 a
490 1538 693 1604 samaritanis
716 1543 944 1622 praeoccupata
965 1539 1028 1602 iarn
1047 1539 1157 1615 fuerat,
1176 1541 1213 1601 ut
1229 1556 1285 1619 per

159 1649 217 1712 boc
245 1646 389 1711 Abrabae
417 1664 522 1711 semen
551 1645 797 1728 distingueretur
825 1643 1043 1711 anationibus
1065 1643 1205 1725 reliquis.
1229 1641 1284 1707 sed

159 1772 216 1818 nos
248 1751 300 1816 his
330 1751 547 1834 peruenientes
579 1750 611 1813 in
643 1750 722 1814 locis
755 1750 856 1815 coacti
884 1768 993 1814 sumus
1022 1749 1060 1814 ob
1089 1749 1283 1814 occasionem

159 1876 272 1923 causas
295 1858 388 1922 huius
413 1857 562 1939 ampliare
586 1871 771 1922 sermonem.

114 1978 140 2016 ¹⁵
204 1963 438 2045 inanimaque,
463 1962 517 2044 qui
538 1965 776 2043 permansemnt
798 1980 833 2025 er
856 1961 1001 2045 gentibus
1026 1961 1058 2025 in
1077 1963 1158 2026 terra
1176 1957 1335 2038 Israel‚97

158 2088 215 2151 pro
244 2068 377 2134 diuersis
405 2068 499 2132 rebus
524 2066 710 2133 Samaritani
733 2067 855 2131 uocati:
878 2067 1014 2149 primurn
1038 2086 1056 2131 a
1078 2067 1197 2145 Somer,
1220 2086 1282 2131 nno

160 2195 195 2238 ox
217 2171 292 2239 filiis
316 2173 569 2240 chananaeomm
593 2176 625 2236 et
646 2172 899 2249 Pherezaeornm,
922 2172 1104 2254 prinsquam
1125 2172 1283 2237 Abraham
1319 2238 1321 2244 ,

158 2280 334 2362 patriarcba
357 2280 395 2344 ad
419 2279 547 2343 eandem
571 2282 686 2344 terram
710 2279 885 2344 diuinitatis
909 2278 1079 2357 adueniret,
1098 2281 1130 2343 et
1148 2279 1283 2361 appella-

158 2387 252 2450 batur
274 2385 384 2451 Somer
405 2389 437 2450 et
459 2385 609 2450 Somoron
627 2388 692 2449 tarn
711 2404 800 2449 mons
825 2404 917 2466 qnam
937 2385 1049 2463 omnia,
1069 2403 1148 2468 qnae
1166 2384 1282 2448 montis

117 2511 140 2549 ro
158 2492 265 2556 uicina
276 2510 345 2555 esse
359 2491 555 2556 uidebantur.
571 2510 680 2555 rnrsns
694 2490 850 2574 praefatae
865 2494 1021 2574 gen<te>s
1036 2492 1074 2556 ab
1084 2491 1283 2574 Assyriorum

158 2616 232 2680 rege
267 2596 468 2661 transmissae
504 2598 635 2660 uocatae
671 2598 746 2660 sunt
786 2593 982 2673 Samaritani,
1024 2595 1078 2676 qui
1116 2593 1283 2659 ‘custodes'

158 2702 411 2784 interpretantur.
434 2701 528 2779 habet
551 2705 655 2765 antem
678 2703 710 2765 et
725 2700 817 2765 aliam
837 2700 1130 2783 contemplationem
1148 2700 1282 2765 nominis
1292 2691 1335 2755 98
1385 2742 1387 2749 >

158 2809 254 2872 buius
284 2808 426 2884 intentio,
458 2809 585 2890 propter
617 2807 791 2873 custodiam
822 2807 973 2871 uidelicet
1007 2807 1099 2890 legis,
1137 2806 1282 2888 qnoniam

160 2915 214 2996 qui
231 2914 355 2978 inmissi
372 2914 506 2991 fuerant,
528 2913 609 2996 legis
633 2912 823 2996 putabantur
846 2913 1003 2978 custodire
1026 2912 1182 2978 mandata.
1207 2912 1284 2976 dicit

114 3040 141 3080 ro
159 3021 241 3083 enirn
269 3019 424 3102 scriptura
450 3018 489 3082 de
516 3018 605 3100 ipsis,
638 3018 786 3100 qnoniam
816 3022 1050 3082 manserunt
1079 3018 1282 3082 facientes

159 3125 287 3208 legem
316 3124 380 3189 dei
408 3127 446 3188 et
473 3124 688 3188 adorantes
715 3123 824 3188 idola
845 3123 1017 3207 propria.
1041 3142 1113 3189 cnm
1136 3142 1210 3187 nero
1233 3123 1282 3187 lex

158 3230 243 3295 idola
273 3230 451 3294 nullatenus
484 3229 639 3294 adoranda
669 3229 849 3312 praecipiat,
886 3229 1040 3312 quomodo
1076 3229 1125 3293 lex
1162 3230 1199 3293 ab
1236 3229 1281 3293 sis

159 3338 282 3418 poterat
322 3335 495 3400 custodiri?
536 3337 752 3400 uernmtamen
791 3335 855 3399 ista
895 3354 990 3399 causa
1029 3335 1101 3399 binc
1145 3331 1335 3399 insinnat99

158 3442 390 3526 intellegentiae
413 3441 552 3505 modurn.
577 3442 712 3506 scientes
735 3440 946 3524 profanissimi
969 3441 1144 3506 sacerdotes
1167 3461 1282 3506 memo·

115 3552 296 3612 notatarum
333 3550 483 3630 quattuor
516 3547 668 3630 gentium,
700 3547 784 3630 qnod
815 3546 954 3612 Hesdras
986 3547 1131 3612 sacerdos
1163 3550 1281 3613 missus

247 3845 281 3898 25
299 3844 383 3912 nega.
401 3841 439 3896 rr
459 3843 499 3907 rr,
513 3843 546 3896 41

195 3995 210 4046 2
230 3997 348 4047 ueterem
365 4009 399 4047 ea
415 3995 536 4046 ueterum
554 3991 580 4045 V
594 4007 668 4046 maa.
681 3997 696 4044 1
708 3994 748 4076 -4
762 3993 955 4062 somabirenns'l
974 3993 1109 4061 ‘fortassis
1126 3995 1157 4047 in
1177 3993 1280 4047 Graeco

160 4087 235 4137 tectu
251 4087 311 4136 mat
329 4081 465 4152 σημερινός
491 4081 576 4150 Fopp.
657 4082 691 4136 20
709 4099 741 4151 gs
765 4081 796 4156 V,
815 4098 883 4136 corr.
902 4102 919 4134 α
999 4084 1033 4135 ‘24
1050 4081 1153 4134 inmissi
1171 4081 1281 4150 scripsi:

159 4169 262 4224 nimissi
284 4169 316 4234 V,
334 4169 410 4223 missi
427 4166 514 4238 Fopp.
567 4169 602 4224 30
620 4168 691 4239 qnod
713 4169 754 4223 Vi
768 4185 827 4224 cnm
845 4169 930 4238 Fopp.
