<?xml version="1.0" encoding="UTF-8"?>
<!DOCTYPE html PUBLIC "-//W3C//DTD XHTML 1.0 Transitional//EN"
    "http://www.w3.org/TR/xhtml1/DTD/xhtml1-transitional.dtd">
<html xmlns="http://www.w3.org/1999/xhtml" xml:lang="en" lang="en">
 <head>
  <title>
</title>
<meta http-equiv="Content-Type" content="text/html;charset=utf-8" />
  <meta name='ocr-system' content='tesseract 3.04.00' />
  <meta name='ocr-capabilities' content='ocr_page ocr_carea ocr_par ocr_line ocrx_word'/>
</head>
<body>
  <div class='ocr_page' id='page_1' title='image "./epistulaeimpera00gngoog_0076.png"; bbox 0 0 2864 4620; ppageno 0'>
   <div class='ocr_carea' id='block_1_1' title="bbox 399 318 1209 390">
    <p class='ocr_par' dir='ltr' id='par_1_1' title="bbox 399 318 1209 390">
     <span class='ocr_line' id='line_1_1' title="bbox 399 318 1209 390; baseline 0.023 -18"><span class='ocrx_word' id='word_1_1' title='bbox 399 320 484 390; x_wconf 77' lang='lat' dir='ltr'><strong>epae.</strong></span> <span class='ocrx_word' id='word_1_2' title='bbox 504 318 623 374; x_wconf 82' lang='lat' dir='ltr'><strong>cxxxv</strong></span> <span class='ocrx_word' id='word_1_3' title='bbox 641 322 656 374; x_wconf 80' lang='lat' dir='ltr'><strong>u</strong></span> <span class='ocrx_word' id='word_1_4' title='bbox 676 351 709 360; x_wconf 95' lang='lat'><em>-</em></span> <span class='ocrx_word' id='word_1_5' title='bbox 725 320 861 377; x_wconf 79' lang='lat' dir='ltr'><strong>cxxxvx</strong></span> <span class='ocrx_word' id='word_1_6' title='bbox 879 323 903 376; x_wconf 81' lang='lat' dir='ltr'><strong>a.</strong></span> <span class='ocrx_word' id='word_1_7' title='bbox 1146 328 1209 390; x_wconf 86' lang='lat'><strong>559</strong></span> 
     </span>
    </p>
   </div>
   <div class='ocr_carea' id='block_1_2' title="bbox 30 514 1250 3561">
    <p class='ocr_par' dir='ltr' id='par_1_2' title="bbox 30 514 1250 3561">
     <span class='ocr_line' id='line_1_2' title="bbox 80 514 1213 600; baseline 0.003 -22"><span class='ocrx_word' id='word_1_8' title='bbox 80 514 307 580; x_wconf 76' lang='lat' dir='ltr'><strong>adhortationis</strong></span> <span class='ocrx_word' id='word_1_9' title='bbox 325 515 482 591; x_wconf 88' lang='lat' dir='ltr'><strong>informet,</strong></span> <span class='ocrx_word' id='word_1_10' title='bbox 501 515 710 581; x_wconf 84' lang='lat' dir='ltr'><strong>Uiennenseur</strong></span> <span class='ocrx_word' id='word_1_11' title='bbox 728 517 919 599; x_wconf 88' lang='lat' dir='ltr'><strong>prouinciam</strong></span> <span class='ocrx_word' id='word_1_12' title='bbox 940 519 1100 600; x_wconf 80' lang='lat' dir='ltr'><strong>superiore</strong></span> <span class='ocrx_word' id='word_1_13' title='bbox 1120 536 1213 595; x_wconf 90' lang='lat' dir='ltr'><strong>anno,</strong></span> 
     </span>
     <span class='ocr_line' id='line_1_3' title="bbox 80 620 1208 704; baseline 0.002 -20"><span class='ocrx_word' id='word_1_14' title='bbox 80 620 107 684; x_wconf 91' lang='lat' dir='ltr'><strong>si</strong></span> <span class='ocrx_word' id='word_1_15' title='bbox 134 621 316 686; x_wconf 82' lang='lat' dir='ltr'><strong>meminisse</strong></span> <span class='ocrx_word' id='word_1_16' title='bbox 345 621 525 704; x_wconf 81' lang='lat' dir='ltr'><strong>dignamini,</strong></span> <span class='ocrx_word' id='word_1_17' title='bbox 554 622 636 687; x_wconf 91' lang='lat' dir='ltr'><strong>datis</strong></span> <span class='ocrx_word' id='word_1_18' title='bbox 665 623 703 686; x_wconf 86' lang='lat' dir='ltr'><strong>ed</strong></span> <span class='ocrx_word' id='word_1_19' title='bbox 731 622 943 688; x_wconf 75' lang='lat' dir='ltr'><strong>humilitatem</strong></span> <span class='ocrx_word' id='word_1_20' title='bbox 970 644 1072 688; x_wconf 89' lang='lat' dir='ltr'><strong>meam</strong></span> <span class='ocrx_word' id='word_1_21' title='bbox 1093 623 1208 688; x_wconf 84' lang='lat' dir='ltr'><strong>litteris</strong></span> 
     </span>
     <span class='ocr_line' id='line_1_4' title="bbox 78 726 1209 811; baseline 0.004 -22"><span class='ocrx_word' id='word_1_22' title='bbox 78 726 246 802; x_wconf 87' lang='lat' dir='ltr'><strong>uisitastis,</strong></span> <span class='ocrx_word' id='word_1_23' title='bbox 271 745 412 809; x_wconf 88' lang='lat' dir='ltr'><strong>quaeque</strong></span> <span class='ocrx_word' id='word_1_24' title='bbox 436 726 475 791; x_wconf 89' lang='lat' dir='ltr'><strong>ad</strong></span> <span class='ocrx_word' id='word_1_25' title='bbox 497 746 557 804; x_wconf 90' lang='lat' dir='ltr'><strong>me,</strong></span> <span class='ocrx_word' id='word_1_26' title='bbox 582 727 753 791; x_wconf 90' lang='lat' dir='ltr'><strong>secundum</strong></span> <span class='ocrx_word' id='word_1_27' title='bbox 778 727 861 810; x_wconf 90' lang='lat' dir='ltr'><strong>quod</strong></span> <span class='ocrx_word' id='word_1_28' title='bbox 884 728 1080 811; x_wconf 82' lang='lat' dir='ltr'><strong>oportunitas</strong></span> <span class='ocrx_word' id='word_1_29' title='bbox 1104 728 1209 793; x_wconf 90' lang='lat' dir='ltr'><strong>oblata</strong></span> 
     </span>
     <span class='ocr_line' id='line_1_5' title="bbox 79 831 1209 916; baseline 0.003 -20"><span class='ocrx_word' id='word_1_30' title='bbox 79 832 263 909; x_wconf 85' lang='lat' dir='ltr'><strong>contulerat,</strong></span> <span class='ocrx_word' id='word_1_31' title='bbox 290 851 346 914; x_wconf 89' lang='lat' dir='ltr'><strong>per</strong></span> <span class='ocrx_word' id='word_1_32' title='bbox 372 831 565 897; x_wconf 80' lang='lat' dir='ltr'><strong>Arelatensis</strong></span> <span class='ocrx_word' id='word_1_33' title='bbox 593 834 744 897; x_wconf 89' lang='lat' dir='ltr'><strong>ecelesiae</strong></span> <span class='ocrx_word' id='word_1_34' title='bbox 777 833 907 898; x_wconf 87' lang='lat' dir='ltr'><strong>clericos</strong></span> <span class='ocrx_word' id='word_1_35' title='bbox 938 837 1147 916; x_wconf 89' lang='lat' dir='ltr'><strong>peruenerunt</strong></span> <span class='ocrx_word' id='word_1_36' title='bbox 1178 836 1209 899; x_wconf 88' lang='lat' dir='ltr'><strong>et</strong></span> 
     </span>
     <span class='ocr_line' id='line_1_6' title="bbox 48 936 1208 1021; baseline -0.003 -13"><span class='ocrx_word' id='word_1_37' title='bbox 48 936 207 1020; x_wconf 83' lang='lat' dir='ltr'><strong>squidem</strong></span> <span class='ocrx_word' id='word_1_38' title='bbox 242 937 443 1021; x_wconf 88' lang='lat' dir='ltr'><strong>plenissimae</strong></span> <span class='ocrx_word' id='word_1_39' title='bbox 480 937 693 1006; x_wconf 86' lang='lat' dir='ltr'><strong>sollieitudine</strong></span> <span class='ocrx_word' id='word_1_40' title='bbox 727 938 890 1020; x_wconf 85' lang='lat' dir='ltr'><strong>pastorali.</strong></span> <span class='ocrx_word' id='word_1_41' title='bbox 927 939 959 1003; x_wconf 92' lang='lat' dir='ltr'><strong>in</strong></span> <span class='ocrx_word' id='word_1_42' title='bbox 997 939 1112 1021; x_wconf 90' lang='lat' dir='ltr'><strong>quibus</strong></span> <span class='ocrx_word' id='word_1_43' title='bbox 1152 959 1208 1004; x_wconf 91' lang='lat' dir='ltr'><strong>nos</strong></span> 
     </span>
     <span class='ocr_line' id='line_1_7' title="bbox 80 1043 1208 1127; baseline 0 -19"><span class='ocrx_word' id='word_1_44' title='bbox 80 1044 165 1109; x_wconf 90' lang='lat' dir='ltr'><strong>sicut</strong></span> <span class='ocrx_word' id='word_1_45' title='bbox 185 1063 242 1125; x_wconf 90' lang='lat' dir='ltr'><strong>per</strong></span> <span class='ocrx_word' id='word_1_46' title='bbox 263 1043 498 1108; x_wconf 89' lang='lat' dir='ltr'><strong>conuersionem</strong></span> <span class='ocrx_word' id='word_1_47' title='bbox 520 1043 763 1124; x_wconf 89' lang='lat' dir='ltr'><strong>prouinciarum,</strong></span> <span class='ocrx_word' id='word_1_48' title='bbox 786 1044 819 1108; x_wconf 94' lang='lat' dir='ltr'><strong>id</strong></span> <span class='ocrx_word' id='word_1_49' title='bbox 843 1047 891 1108; x_wconf 87' lang='lat' dir='ltr'><strong>est</strong></span> <span class='ocrx_word' id='word_1_50' title='bbox 913 1044 1085 1109; x_wconf 82' lang='lat' dir='ltr'><strong>Dardaniae</strong></span> <span class='ocrx_word' id='word_1_51' title='bbox 1109 1044 1208 1127; x_wconf 85' lang='lat' dir='ltr'><strong>Hilly·</strong></span> 
     </span>
     <span class='ocr_line' id='line_1_8' title="bbox 78 1148 1208 1240; baseline -0.001 -26"><span class='ocrx_word' id='word_1_52' title='bbox 78 1150 137 1227; x_wconf 86' lang='lat' dir='ltr'><strong>rici</strong></span> <span class='ocrx_word' id='word_1_53' title='bbox 159 1150 212 1214; x_wconf 91' lang='lat' dir='ltr'><strong>uel</strong></span> <span class='ocrx_word' id='word_1_54' title='bbox 235 1148 392 1233; x_wconf 82' lang='lat' dir='ltr'><strong>Scythiae,</strong></span> <span class='ocrx_word' id='word_1_55' title='bbox 417 1148 455 1213; x_wconf 93' lang='lat' dir='ltr'><strong>ad</strong></span> <span class='ocrx_word' id='word_1_56' title='bbox 479 1148 729 1214; x_wconf 83' lang='lat' dir='ltr'><strong>communionem</strong></span> <span class='ocrx_word' id='word_1_57' title='bbox 748 1149 934 1234; x_wconf 83' lang='lat' dir='ltr'><strong>gaudiorum</strong></span> <span class='ocrx_word' id='word_1_58' title='bbox 952 1150 1142 1232; x_wconf 77' lang='lat' dir='ltr'><strong>pneumatis,</strong></span> <span class='ocrx_word' id='word_1_59' title='bbox 1162 1149 1208 1240; x_wconf 91' lang='lat' dir='ltr'><strong>sic</strong></span> 
     </span>
     <span class='ocr_line' id='line_1_9' title="bbox 80 1255 1209 1340; baseline 0 -20"><span class='ocrx_word' id='word_1_60' title='bbox 80 1255 290 1333; x_wconf 87' lang='lat' dir='ltr'><strong>admonitione</strong></span> <span class='ocrx_word' id='word_1_61' title='bbox 332 1255 523 1334; x_wconf 87' lang='lat' dir='ltr'><strong>cautissima,</strong></span> <span class='ocrx_word' id='word_1_62' title='bbox 560 1274 598 1319; x_wconf 89' lang='lat' dir='ltr'><strong>ne</strong></span> <span class='ocrx_word' id='word_1_63' title='bbox 635 1256 711 1339; x_wconf 92' lang='lat' dir='ltr'><strong>quid</strong></span> <span class='ocrx_word' id='word_1_64' title='bbox 745 1275 801 1340; x_wconf 90' lang='lat' dir='ltr'><strong>per</strong></span> <span class='ocrx_word' id='word_1_65' title='bbox 835 1256 1041 1340; x_wconf 86' lang='lat' dir='ltr'><strong>ignorantiam</strong></span> <span class='ocrx_word' id='word_1_66' title='bbox 1081 1275 1209 1340; x_wconf 88' lang='lat' dir='ltr'><strong>praeue-</strong></span> 
     </span>
     <span class='ocr_line' id='line_1_10' title="bbox 79 1360 1250 1447; baseline -0.001 -21"><span class='ocrx_word' id='word_1_67' title='bbox 79 1363 145 1427; x_wconf 88' lang='lat' dir='ltr'><strong>nire</strong></span> <span class='ocrx_word' id='word_1_68' title='bbox 163 1361 275 1444; x_wconf 91' lang='lat' dir='ltr'><strong>possit,</strong></span> <span class='ocrx_word' id='word_1_69' title='bbox 292 1360 459 1427; x_wconf 87' lang='lat' dir='ltr'><strong>instruitis.</strong></span> <span class='ocrx_word' id='word_1_70' title='bbox 514 1361 697 1444; x_wconf 80' lang='lat' dir='ltr'><strong>Eutychetis</strong></span> <span class='ocrx_word' id='word_1_71' title='bbox 716 1363 814 1447; x_wconf 90' lang='lat' dir='ltr'><strong>igitur</strong></span> <span class='ocrx_word' id='word_1_72' title='bbox 826 1361 1026 1444; x_wconf 87' lang='lat' dir='ltr'><strong>Nestoriique</strong></span> <span class='ocrx_word' id='word_1_73' title='bbox 1040 1361 1206 1438; x_wconf 82' lang='lat' dir='ltr'><strong>damnatio,</strong></span> <span class='ocrx_word' id='word_1_74' title='bbox 1231 1365 1250 1426; x_wconf 82' lang='lat'><strong>2</strong></span> 
     </span>
     <span class='ocr_line' id='line_1_11' title="bbox 36 1467 1207 1552; baseline -0.002 -18"><span class='ocrx_word' id='word_1_75' title='bbox 36 1496 62 1535; x_wconf 82' lang='grc' dir='ltr'><strong>ιο</strong></span> <span class='ocrx_word' id='word_1_76' title='bbox 80 1487 159 1552; x_wconf 88' lang='lat' dir='ltr'><strong>quos</strong></span> <span class='ocrx_word' id='word_1_77' title='bbox 194 1467 378 1532; x_wconf 90' lang='lat' dir='ltr'><strong>iamdudum</strong></span> <span class='ocrx_word' id='word_1_78' title='bbox 414 1487 470 1551; x_wconf 91' lang='lat' dir='ltr'><strong>per</strong></span> <span class='ocrx_word' id='word_1_79' title='bbox 504 1467 704 1534; x_wconf 87' lang='lat' dir='ltr'><strong>beatissimos</strong></span> <span class='ocrx_word' id='word_1_80' title='bbox 742 1468 921 1534; x_wconf 81' lang='lat' dir='ltr'><strong>decessores</strong></span> <span class='ocrx_word' id='word_1_81' title='bbox 959 1471 1086 1536; x_wconf 86' lang='lat' dir='ltr'><strong>sauctae</strong></span> <span class='ocrx_word' id='word_1_82' title='bbox 1122 1468 1207 1532; x_wconf 88' lang='lat' dir='ltr'><strong>sedis</strong></span> 
     </span>
     <span class='ocr_line' id='line_1_12' title="bbox 80 1572 1207 1657; baseline -0.002 -18"><span class='ocrx_word' id='word_1_83' title='bbox 80 1576 204 1639; x_wconf 89' lang='lat' dir='ltr'><strong>uestrae</strong></span> <span class='ocrx_word' id='word_1_84' title='bbox 233 1573 368 1639; x_wconf 86' lang='lat' dir='ltr'><strong>caloauit</strong></span> <span class='ocrx_word' id='word_1_85' title='bbox 395 1574 575 1652; x_wconf 89' lang='lat' dir='ltr'><strong>auctoritas,</strong></span> <span class='ocrx_word' id='word_1_86' title='bbox 604 1572 642 1638; x_wconf 87' lang='lat' dir='ltr'><strong>ad</strong></span> <span class='ocrx_word' id='word_1_87' title='bbox 669 1575 814 1639; x_wconf 86' lang='lat' dir='ltr'><strong>notitiam</strong></span> <span class='ocrx_word' id='word_1_88' title='bbox 842 1574 1046 1657; x_wconf 84' lang='lat' dir='ltr'><strong>iampridem</strong></span> <span class='ocrx_word' id='word_1_89' title='bbox 1069 1576 1207 1638; x_wconf 85' lang='lat' dir='ltr'><strong>nostram</strong></span> 
     </span>
     <span class='ocr_line' id='line_1_13' title="bbox 82 1679 1208 1764; baseline -0.001 -20"><span class='ocrx_word' id='word_1_90' title='bbox 82 1679 271 1761; x_wconf 87' lang='lat' dir='ltr'><strong>apostolicae</strong></span> <span class='ocrx_word' id='word_1_91' title='bbox 294 1679 333 1743; x_wconf 91' lang='lat' dir='ltr'><strong>ad</strong></span> <span class='ocrx_word' id='word_1_92' title='bbox 355 1698 412 1744; x_wconf 89' lang='lat' dir='ltr'><strong>nos</strong></span> <span class='ocrx_word' id='word_1_93' title='bbox 435 1679 616 1764; x_wconf 83' lang='lat' dir='ltr'><strong>diligentiae</strong></span> <span class='ocrx_word' id='word_1_94' title='bbox 638 1680 817 1763; x_wconf 90' lang='lat' dir='ltr'><strong>prouisioue</strong></span> <span class='ocrx_word' id='word_1_95' title='bbox 838 1679 959 1763; x_wconf 87' lang='lat' dir='ltr'><strong>perlata</strong></span> <span class='ocrx_word' id='word_1_96' title='bbox 977 1682 1035 1745; x_wconf 88' lang='lat' dir='ltr'><strong>est.</strong></span> <span class='ocrx_word' id='word_1_97' title='bbox 1055 1680 1111 1744; x_wconf 91' lang='lat' dir='ltr'><strong>sed</strong></span> <span class='ocrx_word' id='word_1_98' title='bbox 1127 1679 1208 1744; x_wconf 88' lang='lat' dir='ltr'><strong>illud</strong></span> 
     </span>
     <span class='ocr_line' id='line_1_14' title="bbox 81 1784 1207 1870; baseline 0.001 -21"><span class='ocrx_word' id='word_1_99' title='bbox 81 1804 138 1849; x_wconf 91' lang='lat' dir='ltr'><strong>nos</strong></span> <span class='ocrx_word' id='word_1_100' title='bbox 169 1786 262 1850; x_wconf 91' lang='lat' dir='ltr'><strong>modo</strong></span> <span class='ocrx_word' id='word_1_101' title='bbox 293 1803 463 1867; x_wconf 90' lang='lat' dir='ltr'><strong>suspensos</strong></span> <span class='ocrx_word' id='word_1_102' title='bbox 494 1786 630 1850; x_wconf 90' lang='lat' dir='ltr'><strong>multum</strong></span> <span class='ocrx_word' id='word_1_103' title='bbox 661 1785 777 1870; x_wconf 80' lang='lat' dir='ltr'><strong>redigit</strong></span> <span class='ocrx_word' id='word_1_104' title='bbox 808 1789 840 1851; x_wconf 87' lang='lat' dir='ltr'><strong>et</strong></span> <span class='ocrx_word' id='word_1_105' title='bbox 871 1786 987 1864; x_wconf 87' lang='lat' dir='ltr'><strong>anxios,</strong></span> <span class='ocrx_word' id='word_1_106' title='bbox 1021 1784 1103 1869; x_wconf 92' lang='lat' dir='ltr'><strong>quod</strong></span> <span class='ocrx_word' id='word_1_107' title='bbox 1135 1804 1207 1850; x_wconf 90' lang='lat' dir='ltr'><strong>oum</strong></span> 
     </span>
     <span class='ocr_line' id='line_1_15' title="bbox 81 1891 1207 1975; baseline -0.002 -19"><span class='ocrx_word' id='word_1_108' title='bbox 81 1891 212 1974; x_wconf 90' lang='lat' dir='ltr'><strong>pendere</strong></span> <span class='ocrx_word' id='word_1_109' title='bbox 239 1909 296 1957; x_wconf 92' lang='lat' dir='ltr'><strong>uos</strong></span> <span class='ocrx_word' id='word_1_110' title='bbox 324 1891 363 1955; x_wconf 90' lang='lat' dir='ltr'><strong>ad</strong></span> <span class='ocrx_word' id='word_1_111' title='bbox 386 1891 532 1956; x_wconf 87' lang='lat' dir='ltr'><strong>effectum</strong></span> <span class='ocrx_word' id='word_1_112' title='bbox 553 1891 722 1975; x_wconf 87' lang='lat' dir='ltr'><strong>legationis</strong></span> <span class='ocrx_word' id='word_1_113' title='bbox 746 1892 882 1957; x_wconf 91' lang='lat' dir='ltr'><strong>secundo</strong></span> <span class='ocrx_word' id='word_1_114' title='bbox 907 1891 1207 1974; x_wconf 82' lang='lat' dir='ltr'><strong>Constantinopolim</strong></span> 
     </span>
     <span class='ocr_line' id='line_1_16' title="bbox 38 1996 1206 2080; baseline 0.002 -22"><span class='ocrx_word' id='word_1_115' title='bbox 38 2020 63 2058; x_wconf 74' lang='lat' dir='ltr'><strong>a</strong></span> <span class='ocrx_word' id='word_1_116' title='bbox 83 1997 255 2061; x_wconf 87' lang='lat' dir='ltr'><strong>destinatae</strong></span> <span class='ocrx_word' id='word_1_117' title='bbox 278 1998 363 2062; x_wconf 91' lang='lat' dir='ltr'><strong>omni</strong></span> <span class='ocrx_word' id='word_1_118' title='bbox 385 1997 608 2080; x_wconf 86' lang='lat' dir='ltr'><strong>expectationis</strong></span> <span class='ocrx_word' id='word_1_119' title='bbox 632 1997 736 2063; x_wconf 92' lang='lat' dir='ltr'><strong>studio</strong></span> <span class='ocrx_word' id='word_1_120' title='bbox 759 1998 926 2075; x_wconf 74' lang='lat' dir='ltr'><strong>iusseritis</strong></span> <span class='ocrx_word' id='word_1_121' title='bbox 945 2016 1003 2062; x_wconf 89' lang='lat' dir='ltr'><strong>nec</strong></span> <span class='ocrx_word' id='word_1_122' title='bbox 1026 1996 1100 2080; x_wconf 90' lang='lat' dir='ltr'><strong>quid</strong></span> <span class='ocrx_word' id='word_1_123' title='bbox 1122 1996 1206 2061; x_wconf 89' lang='lat' dir='ltr'><strong>iilius</strong></span> 
     </span>
     <span class='ocr_line' id='line_1_17' title="bbox 81 2103 1206 2182; baseline 0.001 -17"><span class='ocrx_word' id='word_1_124' title='bbox 81 2104 186 2166; x_wconf 91' lang='lat' dir='ltr'><strong>uester</strong></span> <span class='ocrx_word' id='word_1_125' title='bbox 222 2105 348 2168; x_wconf 86' lang='lat' dir='ltr'><strong>sanctus</strong></span> <span class='ocrx_word' id='word_1_126' title='bbox 384 2103 480 2167; x_wconf 86' lang='lat' dir='ltr'><strong>frater</strong></span> <span class='ocrx_word' id='word_1_127' title='bbox 514 2122 604 2168; x_wconf 89' lang='lat' dir='ltr'><strong>meus</strong></span> <span class='ocrx_word' id='word_1_128' title='bbox 635 2104 795 2169; x_wconf 81' lang='lat' dir='ltr'><strong>Enuodius</strong></span> <span class='ocrx_word' id='word_1_129' title='bbox 827 2104 979 2182; x_wconf 88' lang='lat' dir='ltr'><strong>retulerit,</strong></span> <span class='ocrx_word' id='word_1_130' title='bbox 1011 2121 1069 2168; x_wconf 90' lang='lat' dir='ltr'><strong>uec</strong></span> <span class='ocrx_word' id='word_1_131' title='bbox 1099 2105 1206 2166; x_wconf 88' lang='lat' dir='ltr'><strong>utrum</strong></span> 
     </span>
     <span class='ocr_line' id='line_1_18' title="bbox 82 2208 1207 2292; baseline -0.001 -20"><span class='ocrx_word' id='word_1_132' title='bbox 82 2210 189 2272; x_wconf 88' lang='lat' dir='ltr'><strong>secuta</strong></span> <span class='ocrx_word' id='word_1_133' title='bbox 223 2208 359 2286; x_wconf 86' lang='lat' dir='ltr'><strong>redierit,</strong></span> <span class='ocrx_word' id='word_1_134' title='bbox 394 2208 559 2274; x_wconf 88' lang='lat' dir='ltr'><strong>indicastis</strong></span> <span class='ocrx_word' id='word_1_135' title='bbox 596 2211 628 2273; x_wconf 91' lang='lat' dir='ltr'><strong>et</strong></span> <span class='ocrx_word' id='word_1_136' title='bbox 663 2209 902 2292; x_wconf 88' lang='lat' dir='ltr'><strong>promissionem</strong></span> <span class='ocrx_word' id='word_1_137' title='bbox 940 2211 1078 2273; x_wconf 89' lang='lat' dir='ltr'><strong>uestram</strong></span> <span class='ocrx_word' id='word_1_138' title='bbox 1119 2210 1207 2272; x_wconf 87' lang='lat' dir='ltr'><strong>tanta</strong></span> 
     </span>
     <span class='ocr_line' id='line_1_19' title="bbox 81 2313 1206 2397; baseline 0 -20"><span class='ocrx_word' id='word_1_139' title='bbox 81 2313 197 2377; x_wconf 91' lang='lat' dir='ltr'><strong>silentii</strong></span> <span class='ocrx_word' id='word_1_140' title='bbox 216 2313 421 2379; x_wconf 86' lang='lat' dir='ltr'><strong>diuturnitate</strong></span> <span class='ocrx_word' id='word_1_141' title='bbox 441 2315 644 2397; x_wconf 90' lang='lat' dir='ltr'><strong>suspenditis,</strong></span> <span class='ocrx_word' id='word_1_142' title='bbox 666 2318 785 2381; x_wconf 86' lang='lat' dir='ltr'><strong>utnon</strong></span> <span class='ocrx_word' id='word_1_143' title='bbox 808 2315 912 2380; x_wconf 92' lang='lat' dir='ltr'><strong>minus</strong></span> <span class='ocrx_word' id='word_1_144' title='bbox 935 2314 1027 2379; x_wconf 93' lang='lat' dir='ltr'><strong>modo</strong></span> <span class='ocrx_word' id='word_1_145' title='bbox 1051 2313 1206 2397; x_wconf 88' lang='lat' dir='ltr'><strong>praedica·</strong></span> 
     </span>
     <span class='ocr_line' id='line_1_20' title="bbox 78 2418 1206 2504; baseline 0 -22"><span class='ocrx_word' id='word_1_146' title='bbox 78 2419 156 2484; x_wconf 87' lang='lat' dir='ltr'><strong>toris</strong></span> <span class='ocrx_word' id='word_1_147' title='bbox 184 2419 382 2485; x_wconf 87' lang='lat' dir='ltr'><strong>taciturnitas</strong></span> <span class='ocrx_word' id='word_1_148' title='bbox 408 2421 518 2485; x_wconf 89' lang='lat' dir='ltr'><strong>reddat</strong></span> <span class='ocrx_word' id='word_1_149' title='bbox 545 2421 695 2486; x_wconf 86' lang='lat' dir='ltr'><strong>attonitos</strong></span> <span class='ocrx_word' id='word_1_150' title='bbox 723 2440 816 2504; x_wconf 90' lang='lat' dir='ltr'><strong>quam</strong></span> <span class='ocrx_word' id='word_1_151' title='bbox 846 2424 938 2486; x_wconf 87' lang='lat' dir='ltr'><strong>antea</strong></span> <span class='ocrx_word' id='word_1_152' title='bbox 959 2421 1076 2488; x_wconf 86' lang='lat' dir='ltr'><strong>fecerat</strong></span> <span class='ocrx_word' id='word_1_153' title='bbox 1096 2418 1206 2503; x_wconf 87' lang='lat' dir='ltr'><strong>legati-</strong></span> 
     </span>
     <span class='ocr_line' id='line_1_21' title="bbox 33 2523 1248 2608; baseline 0.001 -20"><span class='ocrx_word' id='word_1_154' title='bbox 33 2549 60 2588; x_wconf 67' lang='grc' dir='ltr'><strong>ιο</strong></span> <span class='ocrx_word' id='word_1_155' title='bbox 80 2525 149 2590; x_wconf 91' lang='lat' dir='ltr'><strong>onis</strong></span> <span class='ocrx_word' id='word_1_156' title='bbox 175 2544 262 2590; x_wconf 87' lang='lat' dir='ltr'><strong>mora</strong></span> <span class='ocrx_word' id='word_1_157' title='bbox 285 2528 462 2608; x_wconf 90' lang='lat' dir='ltr'><strong>suspectos.</strong></span> <span class='ocrx_word' id='word_1_158' title='bbox 529 2526 612 2592; x_wconf 90' lang='lat' dir='ltr'><strong>unde</strong></span> <span class='ocrx_word' id='word_1_159' title='bbox 635 2526 703 2592; x_wconf 87' lang='lat' dir='ltr'><strong>sola</strong></span> <span class='ocrx_word' id='word_1_160' title='bbox 725 2545 820 2592; x_wconf 89' lang='lat' dir='ltr'><strong>cauea</strong></span> <span class='ocrx_word' id='word_1_161' title='bbox 842 2545 951 2593; x_wconf 90' lang='lat' dir='ltr'><strong>seruos</strong></span> <span class='ocrx_word' id='word_1_162' title='bbox 974 2528 1099 2590; x_wconf 89' lang='lat' dir='ltr'><strong>uestros</strong></span> <span class='ocrx_word' id='word_1_163' title='bbox 1121 2523 1205 2589; x_wconf 89' lang='lat' dir='ltr'><strong>filios</strong></span> <span class='ocrx_word' id='word_1_164' title='bbox 1229 2539 1248 2600; x_wconf 88' lang='lat'><strong>3</strong></span> 
     </span>
     <span class='ocr_line' id='line_1_22' title="bbox 77 2629 1204 2716; baseline -0.001 -21"><span class='ocrx_word' id='word_1_165' title='bbox 77 2639 169 2696; x_wconf 69' lang='lat' dir='ltr'><strong>meos·</strong></span> <span class='ocrx_word' id='word_1_166' title='bbox 187 2631 348 2695; x_wconf 81' lang='lat' dir='ltr'><strong>Alethium</strong></span> <span class='ocrx_word' id='word_1_167' title='bbox 371 2632 587 2716; x_wconf 77' lang='lat' dir='ltr'><strong>presbyterum</strong></span> <span class='ocrx_word' id='word_1_168' title='bbox 616 2634 648 2697; x_wconf 92' lang='lat' dir='ltr'><strong>et</strong></span> <span class='ocrx_word' id='word_1_169' title='bbox 683 2631 870 2698; x_wconf 87' lang='lat' dir='ltr'><strong>Uiuentium</strong></span> <span class='ocrx_word' id='word_1_170' title='bbox 905 2631 1071 2696; x_wconf 72' lang='lat' dir='ltr'><strong>decenum</strong></span> <span class='ocrx_word' id='word_1_171' title='bbox 1105 2629 1204 2694; x_wconf 90' lang='lat' dir='ltr'><strong>totius</strong></span> 
     </span>
     <span class='ocr_line' id='line_1_23' title="bbox 78 2733 1205 2820; baseline -0.004 -19"><span class='ocrx_word' id='word_1_172' title='bbox 78 2736 255 2820; x_wconf 89' lang='lat' dir='ltr'><strong>prouinciae</strong></span> <span class='ocrx_word' id='word_1_173' title='bbox 278 2736 466 2802; x_wconf 86' lang='lat' dir='ltr'><strong>Uiennensis</strong></span> <span class='ocrx_word' id='word_1_174' title='bbox 487 2736 622 2816; x_wconf 88' lang='lat' dir='ltr'><strong>nomine,</strong></span> <span class='ocrx_word' id='word_1_175' title='bbox 647 2756 724 2819; x_wconf 89' lang='lat' dir='ltr'><strong>quae</strong></span> <span class='ocrx_word' id='word_1_176' title='bbox 744 2737 894 2803; x_wconf 89' lang='lat' dir='ltr'><strong>ecclesiae</strong></span> <span class='ocrx_word' id='word_1_177' title='bbox 914 2736 954 2801; x_wconf 93' lang='lat' dir='ltr'><strong>ad</strong></span> <span class='ocrx_word' id='word_1_178' title='bbox 970 2741 1021 2800; x_wconf 89' lang='lat' dir='ltr'><strong>me</strong></span> <span class='ocrx_word' id='word_1_179' title='bbox 1038 2733 1205 2817; x_wconf 89' lang='lat' dir='ltr'><strong>pertinenti</strong></span> 
     </span>
     <span class='ocr_line' id='line_1_24' title="bbox 78 2841 1206 2926; baseline 0.002 -21"><span class='ocrx_word' id='word_1_180' title='bbox 78 2841 115 2905; x_wconf 91' lang='lat' dir='ltr'><strong>ab</strong></span> <span class='ocrx_word' id='word_1_181' title='bbox 140 2842 296 2907; x_wconf 89' lang='lat' dir='ltr'><strong>uniuersis</strong></span> <span class='ocrx_word' id='word_1_182' title='bbox 319 2842 536 2908; x_wconf 88' lang='lat' dir='ltr'><strong>decessoribus</strong></span> <span class='ocrx_word' id='word_1_183' title='bbox 558 2843 674 2909; x_wconf 89' lang='lat' dir='ltr'><strong>uestris</strong></span> <span class='ocrx_word' id='word_1_184' title='bbox 698 2850 730 2909; x_wconf 90' lang='lat' dir='ltr'><strong>et</strong></span> <span class='ocrx_word' id='word_1_185' title='bbox 752 2846 926 2926; x_wconf 88' lang='lat' dir='ltr'><strong>apostolica</strong></span> <span class='ocrx_word' id='word_1_186' title='bbox 944 2844 1017 2909; x_wconf 91' lang='lat' dir='ltr'><strong>sede</strong></span> <span class='ocrx_word' id='word_1_187' title='bbox 1032 2844 1206 2925; x_wconf 87' lang='lat' dir='ltr'><strong>commissa</strong></span> 
     </span>
     <span class='ocr_line' id='line_1_25' title="bbox 78 2949 1203 3034; baseline 0.002 -23"><span class='ocrx_word' id='word_1_188' title='bbox 78 2951 136 3025; x_wconf 89' lang='lat' dir='ltr'><strong>est,</strong></span> <span class='ocrx_word' id='word_1_189' title='bbox 169 2965 241 3012; x_wconf 93' lang='lat' dir='ltr'><strong>oum</strong></span> <span class='ocrx_word' id='word_1_190' title='bbox 271 2949 443 3031; x_wconf 87' lang='lat' dir='ltr'><strong>praesentis</strong></span> <span class='ocrx_word' id='word_1_191' title='bbox 474 2949 644 3015; x_wconf 86' lang='lat' dir='ltr'><strong>famulatus</strong></span> <span class='ocrx_word' id='word_1_192' title='bbox 676 2950 795 3034; x_wconf 62' lang='lat' dir='ltr'><strong>,pagina</strong></span> <span class='ocrx_word' id='word_1_193' title='bbox 830 2950 997 3029; x_wconf 86' lang='lat' dir='ltr'><strong>destinaui,</strong></span> <span class='ocrx_word' id='word_1_194' title='bbox 1032 2968 1089 3032; x_wconf 89' lang='lat' dir='ltr'><strong>per</strong></span> <span class='ocrx_word' id='word_1_195' title='bbox 1124 2968 1203 3032; x_wconf 86' lang='lat' dir='ltr'><strong>quos</strong></span> 
     </span>
     <span class='ocr_line' id='line_1_26' title="bbox 30 3055 1206 3140; baseline 0.003 -23"><span class='ocrx_word' id='word_1_196' title='bbox 30 3076 58 3117; x_wconf 81' lang='lat' dir='ltr'><strong>rs</strong></span> <span class='ocrx_word' id='word_1_197' title='bbox 78 3056 202 3121; x_wconf 89' lang='lat' dir='ltr'><strong>oraculo</strong></span> <span class='ocrx_word' id='word_1_198' title='bbox 243 3055 444 3124; x_wconf 86' lang='lat' dir='ltr'><strong>beatissimae</strong></span> <span class='ocrx_word' id='word_1_199' title='bbox 483 3057 693 3140; x_wconf 90' lang='lat' dir='ltr'><strong>responsionis</strong></span> <span class='ocrx_word' id='word_1_200' title='bbox 734 3069 912 3140; x_wconf 88' lang='lat' dir='ltr'><strong>agnoscam,</strong></span> <span class='ocrx_word' id='word_1_201' title='bbox 953 3059 1061 3121; x_wconf 90' lang='lat' dir='ltr'><strong>utrum</strong></span> <span class='ocrx_word' id='word_1_202' title='bbox 1084 3056 1206 3121; x_wconf 72' lang='lat' dir='ltr'><strong>vferuor</strong></span> 
     </span>
     <span class='ocr_line' id='line_1_27' title="bbox 78 3160 1204 3245; baseline 0.001 -21"><span class='ocrx_word' id='word_1_203' title='bbox 78 3160 285 3225; x_wconf 88' lang='lat' dir='ltr'><strong>schismatum</strong></span> <span class='ocrx_word' id='word_1_204' title='bbox 333 3161 553 3243; x_wconf 86' lang='lat' dir='ltr'><strong>praefatorum,</strong></span> <span class='ocrx_word' id='word_1_205' title='bbox 604 3163 658 3245; x_wconf 92' lang='lat' dir='ltr'><strong>qui</strong></span> <span class='ocrx_word' id='word_1_206' title='bbox 702 3162 783 3226; x_wconf 88' lang='lat' dir='ltr'><strong>intra</strong></span> <span class='ocrx_word' id='word_1_207' title='bbox 828 3161 1204 3245; x_wconf 70' lang='lat' dir='ltr'><strong>constantinopolitanam</strong></span> 
     </span>
     <span class='ocr_line' id='line_1_28' title="bbox 76 3264 1205 3350; baseline 0 -21"><span class='ocrx_word' id='word_1_208' title='bbox 76 3265 185 3330; x_wconf 89' lang='lat' dir='ltr'><strong>urbem</strong></span> <span class='ocrx_word' id='word_1_209' title='bbox 212 3265 291 3331; x_wconf 91' lang='lat' dir='ltr'><strong>uitio</strong></span> <span class='ocrx_word' id='word_1_210' title='bbox 319 3265 512 3348; x_wconf 88' lang='lat' dir='ltr'><strong>perniciosae</strong></span> <span class='ocrx_word' id='word_1_211' title='bbox 540 3265 759 3333; x_wconf 86' lang='lat' dir='ltr'><strong>obstinat-ionis</strong></span> <span class='ocrx_word' id='word_1_212' title='bbox 787 3270 942 3333; x_wconf 88' lang='lat' dir='ltr'><strong>exarserat</strong></span> <span class='ocrx_word' id='word_1_213' title='bbox 968 3267 1091 3350; x_wconf 89' lang='lat' dir='ltr'><strong>cuique,</strong></span> <span class='ocrx_word' id='word_1_214' title='bbox 1120 3264 1205 3349; x_wconf 87' lang='lat' dir='ltr'><strong>quod</strong></span> 
     </span>
     <span class='ocr_line' id='line_1_29' title="bbox 76 3356 1204 3453; baseline 0.004 -21"><span class='ocrx_word' id='word_1_215' title='bbox 76 3370 177 3453; x_wconf 89' lang='lat' dir='ltr'><strong>magis</strong></span> <span class='ocrx_word' id='word_1_216' title='bbox 201 3369 369 3434; x_wconf 91' lang='lat' dir='ltr'><strong>dolendum</strong></span> <span class='ocrx_word' id='word_1_217' title='bbox 392 3372 450 3449; x_wconf 89' lang='lat' dir='ltr'><strong>est,</strong></span> <span class='ocrx_word' id='word_1_218' title='bbox 472 3370 712 3436; x_wconf 81' lang='lat' dir='ltr'><strong>Alexandrinam</strong></span> <span class='ocrx_word' id='word_1_219' title='bbox 735 3373 789 3437; x_wconf 87' lang='lat' dir='ltr'><strong>nel</strong></span> <span class='ocrx_word' id='word_1_220' title='bbox 805 3356 1031 3438; x_wconf 82' lang='lat' dir='ltr'><strong>Antiochenam</strong></span> <span class='ocrx_word' id='word_1_221' title='bbox 1055 3371 1204 3446; x_wconf 84' lang='lat' dir='ltr'><strong>ecclesias</strong></span> 
     </span>
     <span class='ocr_line' id='line_1_30' title="bbox 75 3474 1206 3561; baseline 0.003 -23"><span class='ocrx_word' id='word_1_222' title='bbox 75 3474 181 3541; x_wconf 90' lang='lat' dir='ltr'><strong>dicitis</strong></span> <span class='ocrx_word' id='word_1_223' title='bbox 203 3476 360 3560; x_wconf 86' lang='lat' dir='ltr'><strong>inligatas,</strong></span> <span class='ocrx_word' id='word_1_224' title='bbox 383 3476 475 3549; x_wconf 90' lang='lat' dir='ltr'><strong>uobis</strong></span> <span class='ocrx_word' id='word_1_225' title='bbox 500 3476 624 3558; x_wconf 81' lang='lat' dir='ltr'><strong>Christo</strong></span> <span class='ocrx_word' id='word_1_226' title='bbox 647 3477 772 3542; x_wconf 87' lang='lat' dir='ltr'><strong>fauente</strong></span> <span class='ocrx_word' id='word_1_227' title='bbox 796 3477 980 3544; x_wconf 86' lang='lat' dir='ltr'><strong>docentibus</strong></span> <span class='ocrx_word' id='word_1_228' title='bbox 999 3477 1094 3561; x_wconf 87' lang='lat' dir='ltr'><strong>digua</strong></span> <span class='ocrx_word' id='word_1_229' title='bbox 1109 3476 1206 3546; x_wconf 83' lang='lat' dir='ltr'><strong>fuerit</strong></span> 
     </span>
    </p>
   </div>
   <div class='ocr_carea' id='block_1_3' title="bbox 74 3659 1208 4001">
    <p class='ocr_par' dir='ltr' id='par_1_3' title="bbox 74 3659 1208 4001">
     <span class='ocr_line' id='line_1_31' title="bbox 112 3659 1205 3736; baseline 0 -17"><span class='ocrx_word' id='word_1_230' title='bbox 112 3665 324 3734; x_wconf 78' lang='lat' dir='ltr'><strong>ladortacionie</strong></span> <span class='ocrx_word' id='word_1_231' title='bbox 346 3665 373 3721; x_wconf 98' lang='lat' dir='ltr'><strong><em>V</em></strong></span> <span class='ocrx_word' id='word_1_232' title='bbox 409 3667 625 3735; x_wconf 66' lang='lat' dir='ltr'><strong>⁴uienensemV</strong></span> <span class='ocrx_word' id='word_1_233' title='bbox 676 3659 833 3724; x_wconf 70' lang='lat' dir='ltr'><strong>trisitasti</strong></span> <span class='ocrx_word' id='word_1_234' title='bbox 855 3666 887 3733; x_wconf 88' lang='lat' dir='ltr'><strong>V,</strong></span> <span class='ocrx_word' id='word_1_235' title='bbox 905 3682 973 3722; x_wconf 80' lang='lat' dir='ltr'><strong>corr.</strong></span> <span class='ocrx_word' id='word_1_236' title='bbox 992 3665 1062 3722; x_wconf 84' lang='lat' dir='ltr'><strong>Bur.</strong></span> <span class='ocrx_word' id='word_1_237' title='bbox 1122 3681 1205 3736; x_wconf 80' lang='lat' dir='ltr'><strong>quae·</strong></span> 
     </span>
     <span class='ocr_line' id='line_1_32' title="bbox 76 3744 1203 3830; baseline 0 -23"><span class='ocrx_word' id='word_1_238' title='bbox 76 3770 126 3822; x_wconf 90' lang='lat' dir='ltr'><strong>que</strong></span> <span class='ocrx_word' id='word_1_239' title='bbox 149 3755 186 3810; x_wconf 85' lang='lat' dir='ltr'><strong>V:</strong></span> <span class='ocrx_word' id='word_1_240' title='bbox 202 3773 270 3826; x_wconf 85' lang='lat' dir='ltr'><strong>quae</strong></span> <span class='ocrx_word' id='word_1_241' title='bbox 288 3756 357 3810; x_wconf 80' lang='lat' dir='ltr'><strong>Bar.</strong></span> <span class='ocrx_word' id='word_1_242' title='bbox 420 3755 608 3826; x_wconf 85' lang='lat' dir='ltr'><strong>5plenissime</strong></span> <span class='ocrx_word' id='word_1_243' title='bbox 631 3754 658 3808; x_wconf 90' lang='lat' dir='ltr'><strong><em>V</em></strong></span> <span class='ocrx_word' id='word_1_244' title='bbox 716 3755 781 3811; x_wconf 83' lang='lat' dir='ltr'><strong>did</strong></span> <span class='ocrx_word' id='word_1_245' title='bbox 799 3756 851 3830; x_wconf 80' lang='lat' dir='ltr'><strong>est]</strong></span> <span class='ocrx_word' id='word_1_246' title='bbox 870 3756 900 3810; x_wconf 90' lang='lat' dir='ltr'><strong>id</strong></span> <span class='ocrx_word' id='word_1_247' title='bbox 921 3754 948 3810; x_wconf 98' lang='lat' dir='ltr'><strong><em>V</em></strong></span> <span class='ocrx_word' id='word_1_248' title='bbox 1011 3753 1148 3825; x_wconf 70' lang='lat' dir='ltr'><strong>lequieie</strong></span> <span class='ocrx_word' id='word_1_249' title='bbox 1171 3744 1203 3818; x_wconf 92' lang='lat' dir='ltr'><strong>V,</strong></span> 
     </span>
     <span class='ocr_line' id='line_1_33' title="bbox 74 3840 1207 3916; baseline -0.002 -18"><span class='ocrx_word' id='word_1_250' title='bbox 74 3857 143 3898; x_wconf 83' lang='lat' dir='ltr'><strong>corr.</strong></span> <span class='ocrx_word' id='word_1_251' title='bbox 162 3840 416 3900; x_wconf 62' lang='lat' dir='ltr'><strong>conseruasse</strong></span> <span class='ocrx_word' id='word_1_252' title='bbox 433 3843 503 3898; x_wconf 84' lang='lat' dir='ltr'><strong>Bar.</strong></span> <span class='ocrx_word' id='word_1_253' title='bbox 551 3842 552 3845; x_wconf 72' lang='grc'>’</span> <span class='ocrx_word' id='word_1_254' title='bbox 609 3843 793 3916; x_wconf 79' lang='lat' dir='ltr'><strong>gaudium&#39;V,</strong></span> <span class='ocrx_word' id='word_1_255' title='bbox 811 3840 879 3900; x_wconf 81' lang='lat' dir='ltr'><strong>corr.</strong></span> <span class='ocrx_word' id='word_1_256' title='bbox 898 3840 1006 3899; x_wconf 65' lang='lat' dir='ltr'><strong>aemu-</strong></span> <span class='ocrx_word' id='word_1_257' title='bbox 1024 3840 1118 3913; x_wconf 85' lang='lat' dir='ltr'><strong>gaudii</strong></span> <span class='ocrx_word' id='word_1_258' title='bbox 1133 3841 1207 3909; x_wconf 73' lang='lat' dir='ltr'><strong>Bor,</strong></span> 
     </span>
     <span class='ocr_line' id='line_1_34' title="bbox 74 3919 1208 4001; baseline -0.002 -18"><span class='ocrx_word' id='word_1_259' title='bbox 74 3925 222 3984; x_wconf 68' lang='lat' dir='ltr'><strong>duestorii</strong></span> <span class='ocrx_word' id='word_1_260' title='bbox 240 3945 291 4001; x_wconf 84' lang='lat' dir='ltr'><strong>que</strong></span> <span class='ocrx_word' id='word_1_261' title='bbox 314 3930 340 3984; x_wconf 93' lang='lat' dir='ltr'><strong><em>V</em></strong></span> <span class='ocrx_word' id='word_1_262' title='bbox 427 3931 460 3984; x_wconf 81' lang='lat'><strong>17</strong></span> <span class='ocrx_word' id='word_1_263' title='bbox 479 3932 572 3984; x_wconf 87' lang='lat' dir='ltr'><strong>secuta</strong></span> <span class='ocrx_word' id='word_1_264' title='bbox 593 3930 632 3984; x_wconf 84' lang='lat' dir='ltr'><strong>V:</strong></span> <span class='ocrx_word' id='word_1_265' title='bbox 649 3947 741 3986; x_wconf 82' lang='lat' dir='ltr'><strong>secura</strong></span> <span class='ocrx_word' id='word_1_266' title='bbox 758 3930 836 3991; x_wconf 77' lang='lat' dir='ltr'><strong>Edit.</strong></span> <span class='ocrx_word' id='word_1_267' title='bbox 853 3946 906 4000; x_wconf 74' lang='lat' dir='ltr'><strong>rep.</strong></span> <span class='ocrx_word' id='word_1_268' title='bbox 985 3919 1022 3993; x_wconf 63' lang='lat'><strong>,18</strong></span> <span class='ocrx_word' id='word_1_269' title='bbox 1036 3927 1160 3989; x_wconf 72' lang='lat' dir='ltr'><strong>asilendi</strong></span> <span class='ocrx_word' id='word_1_270' title='bbox 1181 3927 1208 3982; x_wconf 94' lang='lat' dir='ltr'><strong><em>V</em></strong></span> 
     </span>
    </p>
   </div>
   <div class='ocr_carea' id='block_1_4' title="bbox 71 4016 1204 4252">
    <p class='ocr_par' dir='ltr' id='par_1_4' title="bbox 71 4016 1204 4252">
     <span class='ocr_line' id='line_1_35' title="bbox 74 4016 1203 4098; baseline 0 -26"><span class='ocrx_word' id='word_1_271' title='bbox 74 4018 109 4072; x_wconf 78' lang='lat'><strong>20</strong></span> <span class='ocrx_word' id='word_1_272' title='bbox 127 4017 184 4072; x_wconf 87' lang='lat' dir='ltr'><strong>sola</strong></span> <span class='ocrx_word' id='word_1_273' title='bbox 196 4017 277 4098; x_wconf 83' lang='lat' dir='ltr'><strong>(hac)</strong></span> <span class='ocrx_word' id='word_1_274' title='bbox 292 4018 354 4075; x_wconf 79' lang='lat' dir='ltr'><strong>Gor.</strong></span> <span class='ocrx_word' id='word_1_275' title='bbox 434 4019 467 4072; x_wconf 81' lang='lat'><strong>21</strong></span> <span class='ocrx_word' id='word_1_276' title='bbox 487 4018 600 4074; x_wconf 79' lang='lat' dir='ltr'><strong>alecium</strong></span> <span class='ocrx_word' id='word_1_277' title='bbox 622 4019 659 4074; x_wconf 88' lang='lat' dir='ltr'><strong>V:</strong></span> <span class='ocrx_word' id='word_1_278' title='bbox 677 4019 793 4088; x_wconf 83' lang='lat' dir='ltr'><strong>alexium</strong></span> <span class='ocrx_word' id='word_1_279' title='bbox 810 4018 855 4074; x_wconf 75' lang='lat' dir='ltr'><strong>tie</strong></span> <span class='ocrx_word' id='word_1_280' title='bbox 872 4025 899 4074; x_wconf 84' lang='lat' dir='ltr'><strong>et</strong></span> <span class='ocrx_word' id='word_1_281' title='bbox 916 4018 1011 4095; x_wconf 13' lang='lat' dir='ltr'><strong>olibis?</strong></span> <span class='ocrx_word' id='word_1_282' title='bbox 1099 4016 1135 4071; x_wconf 82' lang='grc'><strong>26</strong></span> <span class='ocrx_word' id='word_1_283' title='bbox 1153 4016 1203 4072; x_wconf 82' lang='lat' dir='ltr'><strong>sie·</strong></span> 
     </span>
     <span class='ocr_line' id='line_1_36' title="bbox 72 4105 1204 4176; baseline -0.003 -16"><span class='ocrx_word' id='word_1_284' title='bbox 72 4108 176 4165; x_wconf 71' lang='lat' dir='ltr'><strong>mamm</strong></span> <span class='ocrx_word' id='word_1_285' title='bbox 197 4105 224 4160; x_wconf 91' lang='lat' dir='ltr'><strong><em>V</em></strong></span> <span class='ocrx_word' id='word_1_286' title='bbox 309 4105 638 4176; x_wconf 85' lang='lat' dir='ltr'><strong>comtantindpollitanam</strong></span> <span class='ocrx_word' id='word_1_287' title='bbox 661 4109 685 4162; x_wconf 94' lang='lat' dir='ltr'><strong><em>V</em></strong></span> <span class='ocrx_word' id='word_1_288' title='bbox 756 4109 959 4173; x_wconf 60' lang='lat' dir='ltr'><strong>aderesceret</strong></span> <span class='ocrx_word' id='word_1_289' title='bbox 981 4105 1007 4159; x_wconf 92' lang='lat' dir='ltr'><strong><em>V</em></strong></span> <span class='ocrx_word' id='word_1_290' title='bbox 1075 4105 1109 4162; x_wconf 81' lang='lat'><strong>28</strong></span> <span class='ocrx_word' id='word_1_291' title='bbox 1128 4107 1204 4160; x_wconf 73' lang='lat' dir='ltr'><strong>ante</strong></span> 
     </span>
     <span class='ocr_line' id='line_1_37' title="bbox 71 4193 859 4252; baseline 0.003 -4"><span class='ocrx_word' id='word_1_292' title='bbox 71 4193 202 4248; x_wconf 83' lang='lat' dir='ltr'><strong>ochenam</strong></span> <span class='ocrx_word' id='word_1_293' title='bbox 224 4193 251 4248; x_wconf 95' lang='lat' dir='ltr'><strong><em>V</em></strong></span> <span class='ocrx_word' id='word_1_294' title='bbox 301 4195 335 4250; x_wconf 80' lang='lat'><strong>29</strong></span> <span class='ocrx_word' id='word_1_295' title='bbox 354 4195 513 4250; x_wconf 89' lang='lat' dir='ltr'><strong>docentibus</strong></span> <span class='ocrx_word' id='word_1_296' title='bbox 531 4195 639 4252; x_wconf 75' lang='lat' dir='ltr'><strong>Sirm.².·</strong></span> <span class='ocrx_word' id='word_1_297' title='bbox 658 4196 810 4252; x_wconf 86' lang='lat' dir='ltr'><strong>dicentibus</strong></span> <span class='ocrx_word' id='word_1_298' title='bbox 833 4195 859 4250; x_wconf 97' lang='lat' dir='ltr'><strong><em>V</em></strong></span> 
     </span>
    </p>
   </div>
   <div class='ocr_carea' id='block_1_5' title="bbox 125 4300 1133 4370">
    <p class='ocr_par' dir='ltr' id='par_1_5' title="bbox 125 4300 1133 4370">
     <span class='ocr_line' id='line_1_38' title="bbox 125 4300 1133 4370; baseline -0.01 -7"><span class='ocrx_word' id='word_1_299' title='bbox 125 4319 207 4363; x_wconf 74' lang='lat' dir='ltr'><strong>XXXV</strong></span> <span class='ocrx_word' id='word_1_300' title='bbox 219 4330 273 4370; x_wconf 75' lang='lat' dir='ltr'><strong>pars</strong></span> <span class='ocrx_word' id='word_1_301' title='bbox 285 4323 307 4362; x_wconf 67' lang='grc' dir='ltr'><strong>Β.</strong></span> <span class='ocrx_word' id='word_1_302' title='bbox 703 4302 707 4308; x_wconf 64' lang='grc'><strong>’</strong></span> <span class='ocrx_word' id='word_1_303' title='bbox 1097 4300 1133 4354; x_wconf 83' lang='grc'><strong>36</strong></span> 
     </span>
    </p>
   </div>
   <div class='ocr_carea' id='block_1_6' title="bbox 0 0 1436 4620">
    <p class='ocr_par' dir='ltr' id='par_1_6' title="bbox 0 0 1436 4620">
     <span class='ocr_line' id='line_1_39' title="bbox 0 0 1436 4620; baseline 0 3"><span class='ocrx_word' id='word_1_304' title='bbox 0 0 1436 4620; x_wconf 95' lang='lat' dir='ltr'><strong> </strong></span> 
     </span>
    </p>
   </div>
  </div>
 </body>
</html>
