2864 4620
514 304 600 358 Enist.
621 302 948 359 00111110113-19.
1236 305 1299 369 765

175 498 285 580 Ioseph
312 499 510 580 interpretari
538 518 598 562 non
625 499 850 582 possitneque
872 519 981 563 rursus
1006 502 1160 564 extremus
1183 500 1297 581 Ioseph

173 603 257 668 iuxta
297 605 554 686 compositionem
595 606 755 670 rationalis
800 607 895 670 inseri
941 605 1062 683 debeat,
1107 605 1168 669 nisi
1214 606 1296 688 quod

172 711 388 776 tantummodo
407 713 594 785 necessitate
612 714 865 795 praeposteratus
885 713 936 791 sit,
955 715 1001 790 ut,
1022 731 1094 776 cum
1112 712 1295 776 undecimus

171 816 330 891 habeatur,
357 817 408 881 hic
431 822 610 882 numeretur
632 817 836 883 duodecimus
866 820 952 882 10110
976 824 1138 902 cogentem
1162 819 1296 883 necessi-

138 944 154 984 0
171 925 267 985 tatem
282 923 516 1005 compositionis
532 923 625 988 huius
644 925 775 1002 numeri,
796 944 888 1005 quarn
903 925 1100 1008 repperimus
1117 923 1295 993 ordinatam,

169 1028 199 1092 in
230 1028 348 1095 Graeca
375 1030 490 1113 quippe
516 1030 685 1109 locutione,
714 1050 792 1112 quae
821 1051 856 1095 ex
882 1031 1026 1095 Hebraea
1053 1031 1204 1094 translata
1236 1022 1346 1097 901177

170 1135 358 1219 onychinum
390 1136 526 1218 lapidem
558 1136 777 1201 duodecimum
809 1137 986 1202 inuenimus
1024 1137 1164 1219 positum
1201 1139 1294 1218 atque

168 1242 387 1318 nouissimum,
419 1242 465 1306 ita
499 1245 536 1307 ut
570 1242 731 1307 Beniamin
770 1243 1063 1325 contemplationem
1105 1243 1155 1306 sui
1190 1241 1293 1305 modis

168 1348 312 1413 omnibus
332 1348 490 1425 adtrahat3
510 1349 710 1414 undecimum
728 1369 803 1415 uero
821 1349 997 1414 inuenimus
1017 1349 1180 1430 beryllum,
1200 1366 1291 1430 quem

121 1457 201 1518 1061
223 1455 387 1520 undecimo
410 1455 524 1538 Ioseph
547 1459 610 1520 tam
635 1456 721 1519 iuxta
742 1475 907 1520 numerum
932 1457 1024 1538 quam
1048 1455 1134 1518 iuxta
1156 1457 1291 1518 contem·

164 1561 335 1643 piationem
352 1564 576 1643 consequenter
590 1561 778 1643 aptauimus.
788 1562 991 1643 inspicientes
1003 1564 1097 1627 etiam
1107 1560 1291 1624 Hebraicam
1303 1560 1344 1624 78

164 1667 317 1743 Exodum,
349 1668 381 1732 in
413 1689 474 1750 qua
506 1672 538 1733 et
567 1669 617 1739 lex
649 1669 799 1751 probatur
825 1669 991 1752 adscripta,
1019 1669 1225 1752 legentesque
1253 1666 1290 1730 da

163 1773 309 1838 rationali
342 1776 411 1852 hoc,
443 1775 474 1838 in
512 1794 573 1857 quo
612 1775 692 1838 clusi
730 1776 815 1839 91001
850 1775 906 1840 isti
943 1774 1076 1857 lapides,
1111 1774 1290 1839 inuenimus

165 1879 354 1963 onychinum
380 1881 517 1964 lapidem
541 1881 631 1945 aliter·
654 1880 846 1945 ordinatum:
870 1880 1054 1945 undecimus
1078 1880 1201 1962 positus
1225 1885 1291 1945 erat

117 2007 144 2046 15
165 1989 197 2050 et
223 1987 362 2069 beryllus
391 1987 595 2053 duodecimus
624 1991 717 2070 atque
743 1989 931 2069 postremus.
961 1987 1042 2051 unde
1064 1986 1289 2069 propemodum

163 2092 253 2156 nobis
277 2092 467 2175 ambiguitas
491 2096 559 2157 orta
577 2097 626 2158 est
642 2093 903 2175 impedimentum
920 2093 1153 2177 intellegentiae
1171 2091 1287 2157 10019110

136 2201 137 2204 ’
163 2198 265 2263 091011
295 2197 401 2263 fictam
433 2199 725 2282 contemplationem
756 2218 813 2263 nos
845 2199 876 2262 in
909 2198 1032 2263 duobus
1064 2199 1145 2277 istis,
1180 2199 1288 2281 berylli

164 2304 233 2368 dico
262 2307 294 2369 et
322 2306 476 2389 onychini,
507 2307 665 2388 lapidibus
698 2306 853 2382 attulisse,
887 2304 1099 2388 dicebamque,
1133 2304 1287 2387 quomodo

162 2411 194 2474 in
219 2411 500 2493 supplicationibus
525 2417 556 2476 et
579 2413 715 2478 oratione
739 2412 885 2477 continua
907 2415 1033 2493 poterat
1056 2430 1139 2476 error
1161 2410 1285 2487 oboriri,

115 2538 143 2576 10
163 2521 196 2581 91
221 2518 370 2592 intellexi,
399 2519 482 2600 quod
510 2518 708 2600 dispensante
736 2518 792 2583 deo
821 2517 880 2582 hoc
907 2519 953 2581 ita
979 2521 1141 2599 peractum
1169 2513 1227 2592 est,
1250 2520 1287 2580 ut

162 2623 246 2687 idem
268 2624 382 2706 Ioseph
400 2624 585 2689 undecimus
603 2625 683 2689 inter
701 2625 811 2689 fratres
831 2644 905 2689 suos
925 2625 1060 2688 existens
1080 2623 1286 2688 duodecimus

161 2730 353 2794 inueniretur
375 2731 461 2795 iuxta
484 2731 742 2814 compositionem
764 2731 859 2795 huius
882 2729 1013 2807 numeri,
1039 2730 1092 2811 qui
1116 2749 1187 2794 eum
1211 2729 1285 2793 duo·

162 2835 319 2899 decimum
338 2855 407 2901 esse
427 2837 607 2915 declarauit,
626 2857 697 2902 cum
721 2836 854 2902 diceret:
876 2836 1023 2919 Ioseph
1047 2838 1178 2901 autem
1201 2838 1286 2899 erat

160 2943 199 3006 in
231 2940 423 3026 Aegypto.
457 2943 590 3008 seientes
621 2944 728 3026 itaque
759 2943 990 3027 dispensatione
1023 2942 1129 3006 diuina
1159 2937 1338 3025 propter79

116 3049 305 3113 seueritatis
328 3049 606 3132 contemplationes
629 3049 740 3132 berylli
761 3048 868 3131 lapidi,
892 3067 972 3132 quae
993 3048 1025 3112 in
1048 3047 1153 3130 ipsum
1170 3047 1284 3128 loseph

161 3155 331 3236 explentur,
368 3155 517 3238 coaptari,
555 3156 600 3221 sic
637 3161 686 3220 est
722 3155 921 3238 dispositum,
958 3157 995 3218 ut
1030 3153 1167 3237 beryllus
1203 3153 1283 3234 lapis

161 3260 365 3325 duodecimus
392 3265 558 3343 poneretur
585 3267 617 3326 et
643 3263 786 3327 ultimus.
813 3282 886 3326 nam
909 3264 942 3328 ct
963 3260 1087 3343 loseph,
1111 3278 1183 3325 cum
1206 3259 1285 3323 inter

159 3367 270 3430 fratres
293 3368 477 3432 undecimus
501 3388 569 3434 esse
587 3373 788 3445 memoratur,
807 3368 837 3431 in
858 3368 916 3431 hac
933 3371 1038 3431 tamen
1057 3365 1283 3448 compositione

159 3471 281 3536 numeri
312 3474 501 3557 egressionis
533 3475 669 3539 filiorum
700 3474 797 3539 Israel
829 3472 1033 3537 duodecimus
1065 3473 1097 3536 et
1128 3476 1282 3535 extremus

114 3601 142 3640 so
160 3578 356 3645 adscribitur.
371 3579 477 3663 itaque
491 3599 620 3663 prorsus
642 3580 859 3644 inlustratione
878 3575 986 3642 diuina'
1002 3579 1034 3642 et
1052 3577 1282 3660 dispensatione

248 3804 381 3859 0311101.
401 3806 425 3870 1,
444 3808 459 3859 5

194 3929 458 3998 breperimusFoyy.
490 3928 646 3999 6greoeaV
677 3921 765 3982 8<10>
777 3928 1029 3997 contemplationem
1040 3927 1124 3996 Foyy.
1162 3925 1192 3978 11
1205 3928 1281 3995 opta-

127 4016 246 4072 ,nimus
268 4016 300 4081 V,
319 4031 386 4074 corr.
404 4017 492 4086 Foyy.
582 4019 615 4071 13
633 4017 798 4070 inueniemus
821 4017 853 4080 V,
871 4017 977 4071 corruat
1057 4017 1089 4068 14
1106 4013 1226 4084 lapidum
1249 4014 1280 4094 V,

159 4104 330 4173 10111099.
377 4105 627 4175 1191001099,
670 4105 702 4160 18
721 4105 857 4158 attulisset
870 4104 956 4174 Foyy.
1005 4103 1074 4172 sort.
1094 4102 1282 4173 discebamqne

159 4195 192 4247 19
212 4195 337 4247 continua
359 4193 386 4247 V
435 4195 469 4248 25
486 4195 585 4264 lapidis
608 4194 639 4260 V,
659 4195 763 4249 1011911
814 4193 849 4248 28
868 4196 939 4247 90091
958 4191 1043 4261 1199.
