2864 4620
416 271 504 384 spuo.
523 300 659 356 cxxxln
677 303 692 355 ι
711 331 744 341 -
764 271 882 356 cxxxv
899 303 924 356 o.
1163 305 1225 370 557

615 490 721 578 (iss.)

94 620 95 623 ’
151 618 303 683 uonmsui
338 636 473 682 nuuooro
510 638 549 682 nn
581 620 755 682 ,rurusnuuo
792 636 961 685 nrrsoorrs.
1027 618 1062 683 In
1104 617 1227 687 nomine

105 721 203 804 petris
227 722 259 787 et
279 722 336 787 lilii
359 725 391 788 et
409 723 537 805 spiritus
557 724 656 789 sancti
673 715 935 789 intercedentlbus
955 726 987 789 et
1005 722 1227 788 adiuuantibus
1277 789 1279 792 ,

107 828 223 893 sanctis
248 827 403 912 ¹egendum
432 829 478 893 sic
506 829 543 894 de
567 848 661 898 cause
682 829 918 913 Nicopoliteuae
942 829 1101 895 ecclesiae.
1167 827 1228 911 pri-
1251 826 1271 889 2
1363 858 1366 864 >

74 957 86 1000 ι
105 953 190 998 mum
205 932 260 997 ubi
274 932 527 999 Thessalonicam
542 934 599 1000 deo
613 935 742 1000 iuuante
754 925 914 1014 ueneritis,
930 933 1078 1019 epistolas
1094 936 1227 1012 nostres,
1254 943 1256 945 ’

106 1039 237 1120 quasin
259 1039 321 1104 huc
342 1057 436 1110 cause
458 1039 613 1118 misimus,
637 1039 784 1122 episcopo
807 1039 1077 1118 thessalonicensi
1102 1038 1227 1116 multe,

106 1143 197 1207 illum
230 1143 370 1208 ordinem
400 1143 432 1208 in
464 1145 532 1209 eius
560 1143 746 1210 salutatione
774 1147 944 1224 seruantes,
972 1164 1065 1228 quem
1094 1144 1181 1210 scitis
1210 1163 1229 1208 a

94 1249 195 1337 *nobis
219 1268 288 1314 esse
310 1250 491 1315 mandatum
516 1250 597 1315 circe
619 1268 682 1326 eos,
707 1249 762 1332 qui
784 1268 855 1315 oum
875 1251 947 1316 sede
966 1251 1148 1336 apostolica,
1168 1249 1227 1317 hoc

105 1359 154 1433 ost
189 1356 320 1422 ecclesie
355 1355 517 1434 catholica,
554 1376 615 1422 non
651 1356 890 1422 communicant.
957 1356 1081 1430 urdine
1122 1344 1271 1430 autemid

62 1488 88 1528 ιι
107 1461 249 1543 epistolis
276 1461 426 1526 instanter
448 1480 539 1545 egere
555 1460 692 1538 debetis,
715 1465 753 1525 ut
774 1480 808 1526 se
827 1461 869 1551 vab
892 1462 960 1527 eius
984 1461 1133 1530 ecclesiae
1157 1471 1226 1528 con-

107 1567 251 1633 cussione
266 1566 444 1650 suspendet,
460 1569 611 1634 rationem
623 1568 797 1647 reddentes,
811 1568 888 1653 quia⁴
896 1588 956 1634 non
970 1568 1075 1651 potuit
1082 1583 1226 1633 reuersus
1248 1620 1250 1624 .

106 1673 145 1737 ad
164 1674 413 1740 communionem
432 1677 464 1740 et
482 1673 521 1738 ad
540 1692 652 1758 corpus
671 1675 821 1741 ecclesiae
840 1693 911 1740 cum
929 1669 1004 1753 illis,
1023 1674 1077 1758 qui
1093 1672 1227 1738 neodem

106 1779 223 1843 reuersi
250 1781 333 1858 sunt,
362 1780 529 1863 quicquam
556 1781 668 1846 hebere
696 1780 910 1845 coniunctum:
937 1798 994 1858 nos
1021 1798 1082 1846 non
1105 1787 1225 1844 soluere

107 1904 126 1949 c
147 1876 362 1952 decessoribus
384 1885 500 1964 nostris
524 1905 670 1952 concesse
687 1887 863 1972 priuilegia,
882 1887 910 1951 si
927 1887 995 1968 ipse
1014 1883 1228 1952 ecclesiastica

61 2017 88 2058 ιι
105 1990 251 2056 institute
272 2011 333 2057 non
357 1992 535 2068 do<se>rut
559 1996 642 2058 certe
664 1993 770 2058 redeat
791 1993 831 2058 od
848 1993 1010 2072 unitatem,
1030 1993 1062 2057 ct
1077 2009 1135 2056 nos
1155 2007 1226 2054 oum

107 2115 141 2160 eo
172 2096 358 2175 insistimus,
391 2100 427 2162 ut
458 2088 560 2164 omnic
587 2098 770 2182 ,priuilegin
809 2116 1022 2181 quaecumque
1059 2097 1227 2161 consecuta

107 2205 156 2266 est
182 2219 204 2294 e
222 2201 295 2269 sedo
317 2203 491 2285 apostolice
513 2204 646 2270 ecclesie
668 2204 745 2282 eius,
769 2203 920 2269 inuiolata
942 2204 1114 2268 seruentur.
1183 2198 1227 2285 di·¹
1249 2202 1270 2266 4

96 2307 178 2401 citis
210 2309 304 2374 etiem
335 2304 442 2393 aperte
468 2311 560 2375 illum
592 2310 754 2376 ostendere
783 2309 946 2384 inimicum
977 2323 1057 2374 esse¹
1076 2303 1159 2386 fidei,
1196 2306 1242 2399 si

103 2412 279 2494 insequitur
294 2434 357 2494 eos,
373 2435 450 2498 quos
466 2416 554 2480 uidet
571 2416 611 2481 ed
628 2401 812 2482 catholicam
832 2415 1081 2497 communionem
1098 2412 1225 2478 reuerti.

60 2547 87 2588 ro
106 2519 189 2600 quod
207 2520 234 2583 si
252 2521 419 2603 potueritis
437 2541 564 2587 oausam
581 2521 627 2587 ibi
644 2521 701 2588 deo
719 2522 853 2606 propitio
873 2539 1067 2605 componere,
1087 2517 1224 2584 scribitis
1248 2521 1268 2584 5

105 2623 145 2687 ed
167 2624 349 2707 episcopum
369 2626 632 2708 Nicopolitanum,
656 2625 732 2710 quid
748 2637 885 2712 (opere)
902 2629 1008 2692 uestro
1024 2623 1224 2708 promouerit.

106 2728 134 2799 si
168 2749 241 2796 uero
279 2732 455 2798 obstinatus
490 2732 585 2797 fuerit
618 2751 674 2798 nee
711 2733 748 2797 eli
779 2733 972 2821 insecutione
1004 2731 1072 2796 eius
1104 2748 1225 2795 cessare

106 2835 251 2913 uoluerit,
280 2838 450 2902 secundum
477 2838 608 2917 littores,
633 2858 709 2921 quas
733 2838 772 2903 ud
794 2838 1074 2914 clementissimum
1095 2835 1225 2917 imperu-

81 3007 82 3010 ,
104 2943 205 3005 torem
219 2942 374 3020 misimus,
393 2943 475 3026 apud
493 2944 661 3026 prinoipem
680 2963 806 3010 causam
824 2944 973 3011 ecclesiae
990 2941 1226 3025 Nicopolitenuc

61 3077 88 3120 ,5
106 3043 152 3109 sio
173 3046 278 3130 agitis,
296 3051 333 3111 ut
351 3046 476 3114 dicatis:
500 3049 636 3115 ‘Alcison
660 3051 825 3133 episcopus
849 3048 1119 3131 Constantinopoli
1136 3047 1226 3113 setis·
1249 3051 1268 3115 6

55 3156 56 3159 ’
105 3150 181 3216 fecit
208 3153 359 3219 ecclesiae
386 3152 568 3234 catholicae,
596 3159 762 3240 susceptus
790 3160 840 3226 ost
862 3159 894 3221 et
916 3155 954 3220 ed
977 3154 1226 3221 communionem

105 3257 263 3325 reductus.
291 3259 385 3325 huius
413 3278 577 3327 successor
602 3261 756 3327 Iohannes
783 3263 949 3345 episcopus
976 3264 1010 3328 et
1035 3261 1128 3326 deum
1155 3261 1226 3324 ente

142 3473 208 3530 me.
278 3475 359 3530 Dora
382 3477 476 3543 (simoi
498 3463 558 3532 mm
579 3493 638 3548 epp.
660 3481 724 3542 rer,
747 3481 900 3546 133,134)
925 3494 951 3532 a.
973 3475 1226 3544 517dte12Apr.

106 3563 180 3618 Ede.
203 3562 267 3621 oar.
285 3564 317 3618 1²
335 3567 408 3633 ooo·
425 3566 493 3620 Bar.
513 3555 552 3620 aa
570 3583 594 3621 a.
617 3569 678 3633 517,
695 3562 748 3634 43,-
768 3566 875 3622 coueou
893 3565 1007 3632 eonem
1025 3563 1108 3620 Bm
1120 3564 1142 3618 Ι
1154 3567 1229 3630 403,-

110 3651 189 3708 uocet
207 3656 274 3708 808.
336 3655 355 3708 4
371 3655 410 3708 sic
431 3653 522 3710 rutel:
540 3655 577 3709 sit
598 3656 625 3709 V
641 3655 752 3726 (<quid>
765 3655 896 3725 egendum
915 3656 953 3709 sit
970 3652 1006 3722 οἵ)
1060 3655 1077 3708 5
1095 3651 1226 3707 thessalo·

106 3742 167 3795 nire
189 3742 219 3807 V,
239 3758 306 3798 corr.
325 3741 353 3795 ,n
407 3742 439 3797 10
458 3745 578 3814 epistolis
597 3763 624 3798 e:
644 3745 772 3814 apostolis
795 3735 825 3798 V'
873 3745 906 3799 15
925 3743 1031 3798 deseret
1048 3739 1086 3798 0²:
1105 3741 1182 3796 deret
1204 3739 1231 3792 V

108 3831 141 3885 16
159 3831 312 3886 insistemus
329 3833 398 3904 Bur.
455 3833 488 3888 18
500 3833 558 3887 (se)
572 3849 628 3887 esee
647 3831 674 3885 ο1
727 3834 760 3891 19
778 3831 877 3894 uiderit
894 3833 963 3886 Bar.
1051 3829 1152 3885 reuerti
1169 3828 1227 3886 cod.

111 3920 199 3978 Vatis.
217 3922 299 3988 4903:
319 3921 466 3976 reuertenti
488 3921 521 3989 V,
538 3924 702 3980 reuertentes
720 3921 748 3992 pl
809 3922 843 3977 20
861 3912 977 3975 scribitis
994 3920 1104 3988 εονίρείι
1122 3917 1227 3987 scriptis

111 4006 143 4072 V,
163 4024 216 4076 quo
232 4014 342 4066 educto
360 4009 393 4063 21
412 4009 575 4078 promouerit
587 4010 683 4079 <opere
698 4009 836 4068 nuntiate>
852 4009 914 4064 Car.
1034 4023 1114 4078 opere
1131 4023 1181 4060 om.
1204 4004 1231 4058 V

108 4097 141 4151 25
161 4096 234 4152 dicut
251 4098 274 4151 is
297 4096 328 4162 V,
352 4098 490 4152 contruxit
509 4115 526 4149 α
630 4097 881 4168 constantinopolim
908 4097 941 4162 V,
963 4113 1030 4152 corr.
1050 4115 1076 4149 o:
1099 4093 1228 4165 nicopoli-

106 4189 185 4240 tanus
204 4183 231 4236 ο2
283 4188 317 4241 26
335 4189 459 4256 suseptus
482 4186 513 4253 V,
531 4201 598 4271 corr.
617 4205 635 4238 α
