2864 4620
371 263 373 266 ’
475 255 561 325 apra.
582 254 675 310 oxxx
693 256 787 311 2-10.
936 232 937 235 ‘
1127 263 1187 325 551

67 448 229 513 hominum
256 451 377 513 terrena
403 450 516 515 messis
545 450 710 534 adsurgat:
743 453 858 532 quanto
888 453 936 515 est
963 450 1060 534 igitur
1085 451 1190 522 labora

67 555 306 637 procurandum,
338 558 375 620 ut
411 555 559 620 caelestia
596 555 675 620 dona
705 574 765 620 non
797 559 946 638 pereant?
1001 558 1107 639 quieta
1143 562 1191 622 est
1222 555 1242 617 6
1270 604 1271 607 ,

67 659 299 744 neglegentium
330 661 399 725 uita
429 661 485 733 sod
512 680 573 724 non
606 661 754 743 opulenta
786 663 970 726 substantia.
1003 663 1115 747 dignus
1143 668 1192 728 est

69 766 238 849 operarius,
270 768 306 830 ut
337 766 475 831 fructum
512 765 664 830 mercedis
697 767 839 848 accipiat.
876 767 1043 832 indiscreta
1073 767 1192 851 passim

36 872 169 954 spietas
202 891 274 937 cum
304 871 466 953 impietate
501 872 729 956 languesceret,
763 873 790 935 si
822 873 1008 938 examinatio
1043 871 1142 938 bonos
1175 892 1193 937 a

68 978 160 1043 malis
179 977 322 1042 diuisura
338 979 485 1042 cessaret.
505 980 628 1061 gratum
647 976 814 1042 admodum
834 978 1050 1060 spectaculum
1068 978 1191 1042 domino

65 1067 119 1154 [ast
144 1084 175 1148 in
203 1102 302 1168 agona
333 1083 488 1148 iustorum
517 1101 573 1148 nec
602 1083 769 1167 quicquam
795 1083 841 1147 ita
868 1103 1034 1166 supernam
1061 1083 1192 1167 gratiam

69 1189 217 1255 conciliat
238 1189 356 1255 homini
380 1185 465 1258 sicut
491 1188 694 1254 aduersomm
721 1189 858 1271 impetus
885 1189 1038 1270 patienter
1064 1189 1192 1272 excepti.

70 1297 141 1379 quis
167 1296 284 1361 milites
313 1295 371 1362 snb
398 1295 485 1378 pacis
514 1294 681 1365 securitate
714 1295 866 1359 miretur?
898 1314 958 1360 non
988 1297 1037 1359 est
1062 1294 1193 1360 arduum
1226 1294 1244 1358 7

24 1428 50 1470 ιο
69 1403 101 1466 in
121 1402 204 1468 sicco
225 1405 334 1467 secura
350 1400 455 1466 fixisse
478 1395 614 1485 uestigia
631 1419 688 1465 nec
707 1405 804 1466 artem
824 1401 1038 1484 gubernatoris
1058 1400 1195 1465 ostendit

68 1509 188 1574 marina
200 1507 428 1591 tranquillitas3
449 1507 525 1572 satis
544 1510 593 1571 est
611 1507 803 1589 'intrepidum
821 1508 902 1571 inter
918 1508 1002 1571 bella
1018 1506 1194 1589 procedere,

68 1615 149 1678 inter
178 1613 299 1679 lubrica
328 1633 388 1678 non
415 1612 531 1693 labare,
562 1613 678 1678 fluctus
710 1603 957 1693 intempestate
988 1615 1194 1677 contemnere.

69 1720 190 1785 saeuiat
221 1721 253 1784 et
287 1721 394 1783 motus
431 1737 506 1783 suos
544 1722 683 1783 exerceat
717 1719 873 1784 mundana
908 1719 1083 1801 temptatio,
1120 1717 1194 1781 dum

69 1825 227 1891 manifesti
255 1826 424 1908 appareant
451 1823 505 1907 qui
531 1826 710 1907 probantur.
760 1825 836 1889 haec
865 1818 1010 1902 scientes,
1037 1822 1195 1888 karissimi
1227 1825 1247 1889 8

25 1959 52 1998 ro
69 1933 191 2009 fratres,
223 1931 296 1995 fidei
327 1936 451 1995 uestrae
487 1932 591 1995 tenete
625 1930 834 1996 constantiam
867 1932 898 1994 et
927 1929 995 2015 ipsa
1027 1922 1130 2006 etiarn,
1167 1928 1195 1992 si

67 2035 242 2112 inciderint,
262 2035 430 2100 militantia
446 2034 567 2098 meritis
585 2035 700 2100 uestris
720 2038 820 2100 amate
834 2034 982 2121 pericula.
1002 2033 1194 2110 annuntiate,

70 2161 149 2225 quae
184 2141 303 2221 colitis,
339 2145 370 2205 et
410 2141 593 2224 participate
634 2140 728 2205 etiam
768 2161 824 2224 por
862 2141 1046 2205 uniuersum
1088 2140 1193 2205 orbam

69 2248 216 2313 mandata
250 2247 442 2331 euangelica,
482 2265 560 2327 quae
593 2246 717 2310 tenetis.
759 2265 854 2330 supra
894 2245 1049 2329 stipendia
1087 2247 1194 2310 uestra

70 2355 219 2419 correctio
249 2356 371 2436 quoque
395 2352 485 2417 uobis
510 2352 705 2416 adscribatur
734 2352 842 2418 aliena.
887 2352 968 2416 inter
994 2353 1193 2434 peccatorum
1226 2356 1246 2419 9

25 2488 51 2527 ao
72 2459 346 2537 enumerationem,
379 2458 493 2541 quibus
526 2457 588 2522 sibi
615 2456 751 2522 diuinam
780 2459 911 2542 gratiam
938 2458 1049 2541 plenus
1082 2457 1195 2539 spiritu

72 2565 121 2629 dei
151 2565 304 2649 propheta
332 2563 489 2642 conciliat,
521 2564 602 2629 inter
629 2583 674 2642 ea,
704 2564 818 2646 quibus
849 2564 1105 2639 misericordiam,
1134 2581 1195 2644 qua

71 2673 284 2748 conseruetnr,
309 2673 423 2748 exorat,
448 2668 557 2735 docere
581 2688 615 2734 se
637 2670 762 2752 iniquos
785 2671 854 2735 uias
879 2670 995 2734 domini
1018 2672 1050 2734 et
1068 2687 1193 2733 conuer-

72 2778 193 2842 sionem
223 2795 278 2858 per
309 2796 343 2841 se
374 2775 442 2840 fieri
473 2775 633 2858 praedicat
658 2775 837 2858 impiorum.
865 2776 959 2855 beati,
988 2775 1101 2858 quibus
1128 2773 1196 2840 uita

71 2882 250 2947 innocenter
277 2883 347 2946 acta
369 2881 424 2945 dat
448 2865 638 2965 praemium3
667 2881 762 2960 beati,
786 2901 840 2963 per
867 2900 945 2964 quos
974 2881 1044 2946 aliis
1072 2899 1195 2963 quoque

27 3020 53 3060 2⁵
72 2990 249 3070 praestatur
266 2987 450 3070 exemplum.
497 2990 529 3050 et
551 3006 608 3052 nos
632 2987 768 3068 quidem,
793 2990 944 3070 quantum
967 2987 998 3051 in
1021 2987 1112 3051 nobis
1136 2988 1194 3064 ost,
1206 2991 1247 3055 10

72 3113 128 3159 nec
151 3094 365 3158 sollicitudine
392 3112 449 3158 neo
470 3094 575 3158 labore
600 3113 769 3172 cessamus,
794 3096 831 3158 ut
853 3094 1073 3168 humilitatem,
1103 3110 1196 3175 quam

72 3219 128 3265 nos
152 3199 296 3264 dominus
320 3193 426 3264 noster
448 3199 564 3278 docuit,
588 3199 713 3278 imitati,
734 3219 812 3282 quae
836 3198 932 3264 saluti
954 3217 1062 3270 eorum
1085 3208 1196 3262 conne-

72 3305 171 3383 niunt,
194 3305 402 3388 postulemus,
425 3307 464 3369 ut
486 3305 727 3387 dispensationis
751 3305 829 3369 mihi
853 3304 987 3369 creditae
1010 3303 1085 3378 dum
1104 3321 1196 3387 agno-

73 3411 171 3475 scitur
198 3429 280 3489 cura,
308 3411 480 3494 probentur
514 3409 625 3475 officia.
653 3429 725 3474 nam
755 3411 889 3493 repetita
919 3409 989 3475 uico
1020 3407 1197 3475 llnnodium

28 3548 54 3590 ao
73 3521 165 3598 atque
201 3516 404 3600 Peregrinum
437 3517 548 3581 fratres
581 3519 613 3581 et
648 3516 850 3600 coepiscopos
886 3519 1011 3581 nostros
1051 3514 1197 3579 mandata

72 3621 230 3706 legatione
262 3622 433 3691 direximus.
460 3623 612 3688 rationem
645 3623 877 3688 adhortationes
910 3639 1019 3706 preces
1051 3619 1196 3685 lacrimas

161 3829 177 3884 a
196 3846 235 3899 sq.
255 3829 287 3884 cf.
304 3829 369 3886 nuc.
389 3829 431 3895 ro,
450 3826 465 3884 r
521 3831 554 3884 14
573 3829 607 3885 cr.
626 3828 686 3886 eor.
704 3828 718 3883 1
738 3830 779 3894 11,
799 3815 832 3884 io
885 3829 919 3884 aa
937 3828 1035 3883 raam.
1054 3827 1096 3892 so,
1117 3827 1149 3880 15

109 3951 225 4006 3<uoti>
238 3951 366 4022 opulenta
388 3952 450 4007 Cor.
519 3952 666 4025 dgradum
688 3952 720 4015 V,
739 3968 806 4007 corr.
825 3950 852 4004 ο2
914 3951 1045 4006 limiles.
1062 3953 1198 4004 meretur

74 4040 136 4095 Cor.
181 4039 485 4112 rannemundus
532 4041 564 4094 19
582 4043 751 4110 peccatorum
769 4040 805 4094 V:
824 4042 969 4094 ceterorum
982 4037 1009 4089 ο2
1048 4038 1081 4092 21
1095 4037 1197 4090 miseri—

75 4126 164 4182 cordia
187 4127 304 4193 V,corr.
325 4125 352 4198 ρ2
404 4129 438 4183 28
457 4128 729 4198 disspensacionisV
778 4129 811 4181 29
830 4128 948 4197 repeoita
968 4127 997 4180 V
