2864 4620
222 278 285 341 708
443 271 609 343 Epiphanius
627 271 940 343 constantinopolitanus
957 270 1114 326 Hormisdae

220 467 417 534 manifestius
450 467 660 552 cognoscetis,
693 465 954 547 quemadmodum
985 485 1040 549 per
1071 466 1120 531 dei
1153 466 1284 551 gratiam
1316 469 1350 531 et
1430 486 1431 489 ¹

220 574 474 640 fidelissimorum
495 573 672 656 principum
690 575 867 637 nostrorum
887 570 1250 654 Constantinopolitanae
1270 572 1349 636 ciui-

219 681 296 745 tatis
323 682 430 745 nostra
456 678 589 744 ecclesia
614 677 744 761 pacifice
769 680 817 743 est
839 677 1011 762 gubernata
1033 681 1065 741 et
1087 678 1213 760 nomina
1236 697 1349 743 eorum
1412 691 1413 694 ’

220 787 303 851 inter
337 804 425 851 saera
460 804 520 849 uon
552 787 627 847 sunt
657 776 786 848 recitata
815 782 973 866 mysteria,
1007 802 1086 864 quae
1119 784 1186 848 sedi
1217 786 1348 849 uestrae

219 892 349 975 profana
375 890 592 975 cognouimus,
621 889 676 953 sed
699 890 850 971 quattuor
871 888 1074 954 conciliomm
1096 909 1151 972 pro
1174 893 1261 954 recta
1281 890 1348 955 fide
1377 913 1390 952 a

221 997 423 1062 consonantia
454 995 652 1080 praedicatur
688 997 720 1060 et
754 994 813 1059 hoc
852 994 958 1077 ipsum
1000 996 1144 1060 omnibus
1185 1015 1349 1063 sacrorum

178 1098 438 1187 3diptychomm
473 1101 655 1167 recitatione
690 1099 894 1166 manifestum
930 1101 987 1164 est.
1024 1101 1207 1164 annuntient
1246 1101 1350 1186 igitur

221 1208 324 1285 arobis,
352 1207 512 1290 quianon
539 1206 627 1290 pami
655 1207 745 1272 nobis
763 1199 907 1271 subiecti
935 1205 1113 1271 sacerdotes
1145 1225 1202 1272 nec
1233 1227 1348 1275 mrsus

177 1375 179 1377 ,
223 1314 281 1378 sub
310 1330 417 1380 eorum
441 1313 634 1379 ordinatione
656 1312 874 1397 episcoporum
898 1330 996 1394 parua
1018 1314 1068 1376 est
1084 1312 1215 1377 subdita
1236 1315 1349 1379 multi-

222 1419 316 1497 tudo,
333 1420 386 1500 qui
407 1420 524 1485 bonum
546 1419 642 1510 huius
660 1421 788 1501 coeptae
805 1418 954 1487 unitionis
973 1406 1219 1501 amplectuntur;
1238 1423 1350 1486 uestra
1368 1443 1396 1484 ro

223 1526 318 1589 etiam
337 1525 487 1590 sanctitas
506 1530 678 1609 cognoscat
693 1523 787 1589 istius
807 1542 841 1589 se
860 1523 1014 1607 generalis
1031 1523 1106 1589 boni
1124 1527 1156 1589 et
1173 1525 1348 1609 principem

179 1629 255 1693 let
289 1629 480 1713 inceptorem
517 1628 720 1693 nihilominus
761 1628 978 1718 constitutum.
1018 1629 1101 1694 unde
1141 1629 1265 1695 fortiter
1308 1632 1350 1696 ad

105 1811 108 1818 ι
222 1734 420 1819 uigilandum
441 1734 601 1800 beatitudo
624 1738 730 1801 uestra
751 1735 854 1800 laudis
876 1738 926 1800 est
948 1736 1086 1801 stimulis
1105 1736 1275 1813 excitanda,
1297 1758 1348 1817 ne,

222 1841 255 1921 id
273 1839 357 1924 quod
371 1840 477 1905 diuina
489 1841 522 1905 in
535 1841 683 1907 honorem
696 1841 794 1906 uestri
808 1846 952 1924 coeperat
967 1841 1106 1907 ordinare
1119 1842 1348 1924 misericordia,

224 1966 283 2011 nou
312 1946 352 2010 ad
377 1946 504 2029 plenum
530 1945 577 2032 ita
602 1948 640 2012 ut
666 1946 816 2014 coudecet
843 1947 1017 2012 communis
1044 1948 1148 2012 unitas
1179 1950 1348 2031 prouenire
1370 1974 1397 2013 ra

180 2051 200 2113 5
223 2052 377 2117 uideatur.
401 2051 582 2136 diligentius
602 2056 708 2117 autem
726 2053 763 2118 de
781 2047 831 2117 nis
849 2051 1024 2118 fidelissimi
1043 2056 1075 2118 et
1091 2053 1227 2136 piissimi
1244 2057 1350 2121 nostri

224 2158 379 2241 principes
406 2158 444 2223 de
472 2160 649 2223 sanctarum
676 2157 726 2238 dei
753 2159 955 2224 ecclesiarum
983 2158 1102 2224 unitate
1126 2163 1158 2224 et
1180 2162 1351 2227 concordia

225 2265 395 2348 gaudentes
407 2264 446 2328 ad
460 2267 598 2329 uestram
610 2264 836 2329 mandauemut
847 2264 1085 2343 beatitudinem,
1099 2266 1351 2349 supplicationes

225 2390 243 2434 a
269 2369 412 2454 plurimis
439 2370 556 2435 sanctis
580 2370 792 2436 sacerdotibus
816 2370 1024 2454 suscipientes
1046 2374 1112 2436 tam
1134 2371 1225 2436 Ponti
1249 2391 1351 2456 quam

223 2475 317 2541 Asiae
347 2475 526 2559 prouinciae
563 2479 594 2541 et
622 2476 762 2541 marimo
792 2468 945 2554 Orientis,
984 2476 1068 2558 apud
1103 2495 1181 2560 quos
1218 2479 1348 2544 uomina
1368 2503 1396 2544 so

225 2581 380 2664 quondam
408 2582 605 2647 sacerdotum
631 2600 761 2647 suorum
791 2584 892 2647 tacere
925 2581 1054 2647 difficile
1085 2575 1123 2647 et
1146 2582 1348 2665 impossibile

225 2706 294 2751 esse
312 2687 439 2752 uidetur
455 2688 602 2774 tantaque
621 2706 728 2759 eorum
747 2687 916 2755 obstinatio
936 2690 994 2766 est,
1013 2690 1050 2753 ut
1064 2707 1155 2754 omne
1168 2689 1349 2771 periculum

181 2791 201 2854 6
225 2797 279 2876 pro
302 2793 360 2858 tali
381 2793 463 2858 facto
486 2793 587 2876 parati
611 2790 675 2860 sint
696 2795 860 2860 sustinere.
882 2795 981 2879 igitur
997 2795 1217 2879 praecedentes
1236 2816 1349 2863 omnes

225 2898 307 2963 circa
331 2898 417 2981 pacis
445 2898 586 2965 studium
611 2900 822 2966 necessarium
852 2918 964 2966 causas
996 2901 1236 2979 considerantes,
1271 2904 1350 2985 quia

223 3023 279 3086 per
303 2990 421 3070 'solam
464 3005 557 3070 istam
601 3004 789 3071 humilitatis
834 3004 920 3070 uiam
960 3025 1156 3071 communem
1196 3008 1393 3074 omnibusne

223 3104 395 3176 unitionem
423 3115 456 3176 et
484 3112 618 3177 salutem
643 3111 833 3190 inuenimus,
856 3111 1094 3197 interrogantes,
1118 3113 1201 3178 sicut
1222 3113 1350 3180 dictum

224 3219 283 3294 est,
306 3219 338 3282 et
360 3216 589 3282 satsfacieutes
609 3216 699 3284 uobis
719 3218 851 3296 abillis,
870 3218 924 3302 qui
943 3239 961 3284 a
978 3218 1072 3285 nobis
1087 3218 1120 3284 iu
1138 3219 1197 3284 hoc
1215 3221 1348 3304 negotio

224 3326 299 3387 eunt
320 3322 477 3402 destinati,
501 3342 627 3389 oausam
651 3342 724 3389 cum
742 3312 885 3409 pacifica,
909 3344 971 3408 qua
991 3343 1050 3390 uos
1073 3325 1173 3402 decet,
1192 3325 1349 3409 guberna·

223 3428 306 3494 tione
334 3428 532 3511 dispensetis.
561 3449 632 3495 nam
659 3429 734 3495 dum
760 3439 823 3499 urla
848 3432 981 3514 utraque
1004 3431 1048 3497 sit
1069 3431 1210 3508 ecclesia,
1232 3435 1351 3514 procul

223 3534 317 3600 dubio
337 3537 369 3598 et
381 3535 471 3612 bona,
487 3543 565 3616 quae
581 3555 637 3618 per
653 3535 851 3631 uigilantium
868 3537 1025 3616 eueniunt,
1044 3536 1217 3602 communis
1234 3538 1350 3604 exinde
1369 3564 1396 3606 ao

260 3707 272 3759 1
293 3706 486 3776 queadmodum
508 3708 534 3762 V
593 3710 699 3764 drocte
718 3712 795 3777 (corr.
814 3727 847 3766 ec
864 3714 936 3766 secte
953 3717 985 3766 at
1001 3711 1119 3780 addetur)
1136 3710 1200 3766 fidei
1221 3711 1254 3778 V,
1274 3727 1349 3769 eurr.

222 3795 292 3847 Bar.
372 3795 575 3865 ‘ldipticiorum
598 3796 625 3851 V
699 3797 716 3852 8
734 3797 810 3869 pami
832 3798 867 3853 V:
886 3799 965 3870 pauci
980 3799 1050 3854 Bor.
1134 3800 1168 3855 10
1185 3816 1255 3870 quae
1272 3799 1349 3858 Bar.

223 3883 420 3952 amplectuntur
436 3883 554 3938 restitui:
573 3885 743 3955 amplectitur
757 3903 859 3942 rasura
876 3903 910 3942 eu
925 3887 1124 3958 amplectuntur
1140 3893 1172 3942 at
1187 3887 1302 3944 uidetur
1324 3891 1355 3945 V

225 3971 257 4025 13
275 3970 399 4025 laudibus
422 3971 452 4036 V,
471 3973 585 4028 aeneai:
603 3973 713 4029 laudum
732 3975 795 4030 Car.
877 3978 910 4030 14
928 3979 1035 4046 ceperat
1057 3976 1081 4029 V
1152 3976 1184 4030 15
1202 3977 1350 4046 peruenire

224 4058 286 4115 Gar.
358 4060 390 4113 17
407 4060 533 4131 principis
556 4060 588 4127 V,
605 4077 672 4116 cerr.
690 4063 759 4118 Bar.
829 4065 866 4118 24
883 4080 962 4136 cause
985 4064 1102 4129 V,corr.
1123 4064 1186 4121 Otr.
1260 4067 1296 4121 29
1315 4068 1351 4122 fit

112 4203 115 4208 ,
218 4163 360 4215 perperam
381 4148 459 4203 Tdc'el
