2902 4628
188 315 251 378 794
313 355 315 361 ,
665 308 833 398 Appendices

136 502 332 570 lloliensus.
362 503 482 567 addidit
511 503 604 567 etiam
632 503 766 566 Aeacius
793 502 848 564 illo
877 504 1025 584 tempore,
1054 519 1114 582 quo
1142 501 1180 564 de
1212 501 1305 566 Petro

185 609 389 674 Alexandrino
431 608 574 675 damnato
615 609 734 682 retulit,
772 608 865 672 etiam
901 607 938 671 de
975 607 1066 671 Petro
1103 611 1135 670 et
1171 607 1307 673 Iohanne

184 714 394 792 Antiocheno;
441 715 486 779 sic
531 715 673 796 scripsit:
714 714 841 778 Petrum
882 713 964 795 apud
1005 712 1323 794 Constantinopolim·

185 820 409 885 monasterium
441 820 630 904 gubernasse
662 818 718 883 sed
749 818 808 883 hoo
839 820 966 901 propter
997 818 1126 882 crimina
1157 816 1307 883 derelicto

184 926 381 991 Antiochiam
404 926 536 1010 fugisse,
560 925 604 989 ibi
626 925 718 1008 pulso
740 924 889 1007 Martyrio
913 924 1065 990 catholico
1085 923 1233 1005 episcopo
1253 943 1309 1007 per

184 1032 375 1097 uilissimum
411 1033 563 1113 populum
601 1041 632 1096 et
661 1031 833 1095 haereticos
866 1031 971 1096 sedem
1003 1031 1102 1111 ipsius
1135 1047 1309 1112 occupasse

185 1137 395 1220 continuoque
418 1137 598 1202 damnatum
622 1137 659 1201 ab
680 1137 834 1219 episcopis
855 1139 947 1218 atque
967 1157 985 1200 a
1006 1137 1103 1201 Leone
1120 1136 1309 1218 imperatore

134 1240 297 1310 120asam
325 1242 532 1324 deportatum.
562 1242 615 1324 qui
640 1242 766 1325 fugiens
793 1242 911 1306 redisse
940 1242 1055 1307 dicitur
1086 1241 1309 1308 Constantino·

182 1348 280 1430 polim
317 1351 349 1413 et
385 1348 508 1413 dedisse
539 1349 643 1423 fidem,
676 1351 712 1412 ut
742 1367 798 1429 per
829 1348 1001 1412 uilissimae
1033 1348 1166 1413 ulterius
1198 1350 1308 1414 turbas

183 1454 262 1517 nihil
284 1454 386 1520 facere
409 1454 545 1532 auderet,
570 1454 636 1532 sed,
661 1454 745 1518 sicut
770 1455 913 1536 superius
937 1454 1056 1520 dictum
1080 1455 1138 1530 est,
1160 1454 1311 1519 Basilisci
1329 1475 1347 1512 u

183 1561 376 1642 temporibus
405 1579 422 1622 a
449 1559 612 1625 Timotheo
640 1561 695 1625 illo
729 1561 883 1637 damnato,
917 1560 971 1643 qui
1004 1559 1309 1643 Constantinopolim

182 1667 318 1744 uenerat,
343 1665 381 1728 ad
402 1663 599 1729 Antiochiam
622 1666 783 1743 remissus,
807 1664 979 1730 utiterum
1002 1665 1067 1730 illic
1091 1665 1308 1747 episcopatum

182 1774 310 1836 teneret.
330 1790 390 1853 quo
409 1771 492 1835 facto
512 1769 594 1835 idem
614 1771 682 1853 ipse
700 1771 813 1835 Petrus
831 1771 1011 1847 Iohannem,
1031 1771 1068 1835 de
1082 1790 1142 1853 qno
1158 1770 1307 1836 Acacium

183 1877 317 1942 diximus
340 1878 497 1956 retulisse,
523 1877 645 1942 ordinat
666 1878 834 1958 Apamenis
859 1877 1058 1960 episcopum:
1077 1877 1229 1958 aquibus
1248 1897 1307 1942 nun

181 1986 327 2065 receptus
355 1983 435 2047 redit
463 1982 662 2048 Antiochiam
690 1985 721 2046 et
748 1983 876 2047 Petrum
905 1982 1102 2064 episcopatus
1135 1984 1185 2047 sui
1218 1984 1308 2065 pellit
1322 2004 1342 2040 1⁵

131 2095 171 2158 13
184 2092 344 2168 auctorem
376 2092 408 2153 et
438 2088 560 2152 inuadit
592 2089 659 2153 eius
693 2089 867 2153 ecclesiam.
901 2107 980 2172 quos
1013 2088 1107 2153 simul
1145 2089 1306 2154 damnatos

181 2197 296 2260 iterum
320 2195 397 2259 dicit
417 2194 552 2260 Acacius
576 2198 686 2276 petens
709 2195 914 2276 apostolicam
934 2195 1049 2273 sedem,
1069 2198 1114 2273 ut,
1135 2195 1162 2259 si
1182 2194 1220 2258 ad
1241 2214 1308 2259 eam

184 2303 262 2365 forte
290 2302 502 2385 confugerent,
531 2320 569 2366 ne
596 2301 665 2382 ipso
694 2300 819 2383 quidem
848 2300 933 2384 digni
961 2300 1148 2364 haberentur
1176 2304 1308 2382 aspectu

183 2409 223 2483 et,
248 2406 274 2470 si
296 2406 358 2470 iam
383 2407 519 2490 aliquam
542 2406 768 2491 indulgentiam
789 2406 918 2472 forsitan
938 2406 1168 2488 impetrassent,
1188 2407 1308 2470 irritam

182 2531 250 2576 esse
279 2511 389 2577 debere
416 2530 474 2576 neo
502 2531 609 2576 eorum
637 2511 856 2593 paenitentiam
884 2510 1093 2593 recipiendam
1122 2530 1201 2576 esse.
1232 2512 1347 2595 quida

182 2617 303 2686 multa?
339 2618 421 2682 hunc
458 2618 562 2700 ipsum
598 2619 777 2693 Iohannem,
815 2636 907 2699 quem
943 2617 1076 2682 Aeacius
1110 2635 1181 2682 cum
1213 2617 1308 2684 Petro

184 2723 387 2787 damnauerat
415 2728 446 2787 et
475 2723 541 2788 sino
569 2723 777 2806 paenitentiae
804 2723 940 2788 remedio
968 2722 1043 2787 fecit
1070 2723 1106 2786 ab
1135 2723 1310 2804 apostolica

219 2931 359 2984 loffensis
379 2929 409 2998 βδ
464 2928 605 3001 agetius?
660 2931 730 3000 quod
749 2930 781 2984 de
801 2951 822 2982 u
863 2929 1004 2984 tremunt
1022 2927 1066 2999 oq²
1117 2929 1263 2984 iohannem
1281 2929 1309 2999 q²

182 3023 206 3071 et
225 3024 288 3073 unte
304 3035 433 3073 rasurum
451 3018 515 3087 q¹m³
580 3020 596 3074 3
615 3019 773 3073 anthioceno
793 3017 912 3087 βδυρῖωῒ,
932 3018 1071 3072 athioceno
1090 3017 1126 3087 q1,
1145 3019 1307 3073 antiocheno

181 3122 214 3159 ec
232 3107 389 3161 antiochene
404 3106 437 3158 ul
455 3125 527 3161 mac.
547 3112 566 3162 2
637 3112 703 3178 aput
722 3105 802 3175 tu²q²
819 3110 844 3159 et
862 3113 926 3162 aare
944 3122 1011 3160 corr.
1031 3105 1058 3173 11¹
1105 3107 1122 3160 4
1140 3105 1190 3160 hoc
1208 3124 1260 3161 om.
1274 3106 1307 3160 ω1

88 3250 92 3258 ,
181 3198 197 3250 5
217 3194 378 3249 anthiociam
397 3195 515 3265 tduq²m¹,
536 3195 696 3250 antiochiam
710 3196 737 3263 q¹
751 3195 799 3249 aed
812 3196 854 3249 ehi
867 3211 939 3249 cccc.
953 3198 972 3248 2
985 3195 1015 3248 ic
1027 3210 1093 3258 rue,
1109 3197 1258 3264 antyocicm
1274 3194 1308 3247 u²

181 3283 283 3352 fugisse
302 3303 323 3335 ω
342 3289 366 3337 et
385 3285 412 3352 q¹
430 3302 503 3340 muca.
523 3288 550 3339 2:
570 3285 653 3338 fuisse
673 3282 742 3354 βδυρ
833 3284 847 3337 7
872 3283 958 3352 adque
978 3280 1091 3351 oq²u¹u²
1179 3298 1265 3337 eom.
1286 3304 1307 3335 ω

181 3372 196 3424 9
215 3388 262 3441 per
280 3372 424 3425 uilissimos
442 3372 548 3436 restitui
565 3389 598 3427 ex
616 3371 759 3427 liberato:
778 3372 868 3441 pulsas
887 3371 915 3435 Σ,
933 3372 947 3424 1
964 3388 1070 3441 prorsus
1089 3372 1135 3439 (cs.
1156 3367 1187 3436 Ω)
1207 3388 1306 3440 supra·

179 3459 288 3528 sempsit
305 3458 333 3528 q¹
350 3477 423 3516 onon.
443 3464 462 3514 2
480 3460 574 3531 (pulsis
589 3502 595 3513 .
610 3501 617 3516 .
632 3461 718 3514 turbis
737 3460 844 3527 Senius)
934 3460 1043 3513 alterius
1063 3457 1093 3529 βδ
1157 3460 1189 3514 10
1208 3460 1248 3513 nil
1268 3460 1309 3531 ορ

182 3548 268 3600 facere
287 3545 370 3604 eund
425 3548 458 3601 12
477 3548 638 3602 anthiociam
658 3547 723 3617 βυρ,
744 3547 861 3601 anthiuci
880 3551 921 3611 u¹‚
940 3547 1087 3616 antyociam
1108 3545 1141 3597 ω1
1212 3549 1306 3602 remis·

180 3652 224 3688 sus
253 3634 348 3704 βυωρε
373 3637 511 3690 remissum
537 3636 558 3702 h,
584 3637 709 3690 remissus
734 3639 776 3690 est
800 3633 827 3703 q¹
852 3652 924 3689 noan.
949 3637 976 3696 2,
1002 3635 1097 3687 missus
1123 3637 1164 3688 est
1181 3633 1304 3692 Liberat.

181 3724 351 3777 illicitorum
371 3725 469 3792 crept
542 3724 759 3795 episcopatume
814 3725 846 3778 13
866 3724 936 3792 quod
955 3720 1024 3773 ciust
1079 3722 1112 3777 14
1129 3723 1268 3780 rettulisse
1283 3745 1304 3790 u,

179 3812 303 3866 retulisse
322 3829 354 3867 ec
372 3812 508 3866 rettulisse
527 3812 553 3880 ρ’
609 3813 732 3866 ordinata
745 3812 864 3882 pamenis
884 3809 1006 3879 βδωὴῖᾳ1
1025 3828 1098 3864 man.
1112 3816 1135 3874 1,
1154 3810 1305 3866 ordinatam

180 3901 317 3970 pompenis
336 3898 404 3951 ωἳω3
493 3901 632 3970 episcopus
651 3923 672 3954 ω
737 3903 768 3955 15
788 3900 948 3954 anthiociam
969 3897 1077 3968 βδυᾳῖωι
1101 3905 1125 3952 et
1143 3915 1217 3953 mac.
1235 3903 1251 3952 1
1267 3899 1303 3968 p1,

614 3981 627 4006 V

186 4016 334 4084 antyociam
354 4014 387 4066 ω1
458 4022 516 4085 epm
536 4013 559 4083 t,
577 4016 650 4086 eprcf
667 4015 683 4084 β
702 3982 728 4082 (d
744 4018 775 4070 in
792 4017 859 4083 rao.)
929 4015 1045 4084 pelleto
1114 4014 1146 4068 16
1166 4030 1217 4082 quo
1236 4012 1301 4082 3qu

182 4103 252 4171 quod
272 4102 340 4154 ωἳω3
396 4105 426 4158 17
447 4104 512 4157 dicit
530 4103 631 4159 unicui
684 4120 740 4158 eam
757 4101 789 4157 u:
809 4104 902 4157 eudem
916 4104 943 4166 Σ,
964 4100 1073 4156 eandem
1089 4101 1117 4171 ρ’
1133 4119 1207 4158 mon.
1227 4106 1254 4168 2,
1268 4098 1302 4152 ω’

180 4196 292 4246 aarum
338 4194 369 4247 18
389 4193 559 4263 confugerint
577 4192 608 4260 βδ
667 4193 786 4263 aspectui
805 4190 836 4262 βδ
872 4193 905 4246 22
926 4191 958 4245 ab
977 4208 1027 4245 om.
1047 4189 1089 4256 ω’,
1109 4191 1174 4245 add.
1192 4190 1299 4246 mam
