2864 4620
545 294 693 359 149-51;
712 294 740 348 II
759 295 835 348 1-3.

584 463 586 466 ’
673 486 714 549 n.

201 630 409 675 NARRATIONIS
434 630 512 681 ORDO
535 630 575 674 DE
595 631 774 674 *Panulunun
797 630 939 676 Dloscout
961 632 1180 679 ALEXANDRINI.

175 735 385 815 Posteaquam
421 735 592 800 Dioscorus
629 734 852 799 Alexandrinus
891 737 1054 818 episcopus
1088 733 1163 826 [qui]
1196 747 1291 822 prol

131 841 208 906 facti
231 842 281 906 sui
304 841 464 924 qualitate,
484 840 584 905 idest
603 841 676 923 quia
694 845 893 906 consenserat
910 843 1077 926 Eutycheti
1095 845 1251 910 haeretico
1327 885 1328 890 κ

85 965 104 1004 s
133 949 170 1010 et
196 947 357 1011 damnauit
387 947 571 1012 Flauianum
603 948 783 1029 episcopum
817 948 1017 1017 catholicum,
1037 941 1251 1015 Constantino·

130 1053 314 1135 politanum,
330 1053 411 1136 apud
423 1051 626 1118 calcedonam
640 1056 752 1126 (tam)
769 1055 937 1137 aprincipe
952 1058 1076 1120 sanetae
1085 1056 1251 1120 memoriae

131 1158 289 1223 Marciano
322 1179 416 1241 qnam
449 1159 486 1222 ab
519 1160 629 1224 aulicis
661 1161 871 1242 potestatibus
904 1160 956 1225 uel
988 1163 1099 1250 cuncta
1136 1162 1251 1245 synodo

132 1265 296 1330 damnatus
312 1271 371 1344 est,
388 1265 545 1330 Proterius
560 1267 732 1331 catholicus
751 1267 788 1330 fit
805 1266 959 1332 sacerdos.
974 1270 1050 1332 tunc
1068 1267 1251 1337 Timotheus
1277 1268 1297 1328 2

131 1373 302 1455 presbyter,
340 1372 391 1437 oui
427 1391 596 1456 cognomen
629 1376 696 1437 erat
726 1373 863 1450 dumus,
896 1375 929 1437 et
959 1373 1072 1437 Petrus
1105 1373 1252 1438 diaconus

85 1503 109 1539 o
132 1480 301 1542 sectatores
332 1477 476 1543 Dioscori
508 1479 545 1542 ab
581 1479 785 1545 Alexandrina
821 1498 854 1544 se
892 1479 1025 1544 ecclesia
1059 1483 1251 1562 separmunt.

132 1602 210 1665 qnos
247 1603 318 1647 cum
358 1583 517 1648 Proterius
558 1587 724 1667 episcopus
765 1585 804 1649 ad
841 1583 1051 1649 ministerium
1091 1585 1251 1668 proprium

130 1707 276 1754 reuocare
308 1708 368 1754 non
398 1692 517 1772 posset,
549 1693 716 1772 utrumque
749 1691 917 1756 damnauit.
954 1693 1077 1755 mortuo
1112 1691 1252 1774 principe

131 1795 288 1860 Marciano
317 1795 458 1860 collectis
485 1795 586 1860 turbis
614 1796 841 1862 haereticorum
869 1797 1052 1861 Timotheus
1081 1798 1113 1862 ot
1138 1796 1254 1861 Petrus·

131 1902 263 1965 uenirent
297 1901 515 1966 Alexandriam
551 1904 584 1966 et
614 1903 772 1967 ordinatur
803 1902 841 1967 ab
873 1902 1037 1967 haereticis
1069 1898 1252 1967 Timotheus

85 2035 113 2073 1⁵
134 2008 309 2090 episcopus.
339 2007 400 2072 duo
426 2007 524 2090 igitur
555 2009 638 2090 apud
668 1987 882 2073 Aleiandriam
916 2007 1054 2090 episcopi
1085 2011 1253 2089 coeperunt

132 2133 210 2178 esse.
252 2117 321 2177 ante
357 2112 497 2178 triduum
531 2116 675 2198 paschae,
704 2134 764 2198 quo
802 2133 876 2178 cena
913 2107 1031 2179 domini
1068 2114 1296 2190 celebratun3

132 2220 294 2284 con'ductis
314 2219 352 2284 ab
371 2220 421 2284 his
438 2220 568 2302 perditis
587 2221 740 2285 occiditur
752 2222 783 2284 iu
799 2220 931 2286 ecclesia
948 2222 1071 2284 sanctae
1085 2220 1251 2284 memoriae

131 2326 302 2403 Proterius
330 2325 369 2389 ad
397 2345 489 2408 quam
518 2346 551 2392 se
578 2326 689 2391 timore
714 2328 900 2401 contulerat.
920 2326 1024 2408 ibique
1048 2343 1142 2407 supra
1169 2326 1251 2390 dicto

165 2492 201 2546 II.
237 2487 316 2546 Haec
333 2492 444 2560 epitome
462 2497 596 2546 tractatus
618 2494 661 2556 99,
676 2510 758 2560 quum
771 2509 820 2547 sno
833 2493 890 2547 loco
906 2493 996 2546 littera
1009 2492 1029 2542 Σ
1042 2491 1206 2561 sipmfleani
1220 2507 1253 2544 ea

131 2587 169 2634 cst
186 2597 242 2648 qua
255 2597 320 2640 mus
332 2582 526 2636 estLiberatms
537 2582 568 2634 in
581 2581 712 2635 breviarii
728 2598 808 2649 capp.
822 2583 865 2638 15.
880 2583 923 2644 16,
937 2582 979 2633 18.
1025 2579 1138 2633 Praeter
1152 2579 1255 2633 codices·

131 2668 206 2738 0th
221 2668 261 2736 (q³
277 2669 389 2738 neptem,
407 2670 474 2737 quia
492 2675 578 2723 uetere
595 2670 733 2737 scriptura
746 2685 778 2722 en
792 2685 895 2737 nrapnu
908 2672 991 2738 purte
1009 2683 1089 2720 maen
1107 2665 1253 2735 additoque

131 2757 213 2810 eliam
230 2773 302 2812 nono
315 2758 388 2825 folio
407 2759 608 2813 contaminatus
635 2763 673 2811 eat
700 2757 859 2812 lectionibus
884 2757 990 2824 formae
1008 2755 1140 2825 lonpioris
1157 2751 1200 2821 Ω),
1221 2755 1253 2808 de

130 2845 228 2914 quitus
245 2845 308 2900 mide
325 2862 394 2914 quae
412 2846 565 2914 Appendici
581 2847 602 2900 I
616 2845 771 2910 subnotem,
790 2845 921 2914 epitomen
936 2848 1117 2898 seruauerunt
1135 2843 1254 2900 collectio

130 2933 231 2988 codicis
251 2927 404 2988 Collectini
425 2934 509 2988 Panis
532 2935 580 2988 lat.
605 2936 689 2994 1455,
708 2950 778 3002 quae
796 2940 886 2987 temen
903 2948 936 2986 ec
953 2931 1108 2986 collectione
1128 2929 1252 2998 Quesnel·

131 3023 211 3076 liena
229 3039 288 3076 eam
302 3023 446 3092 desumpsit
460 3023 506 3090 (cf.
517 3023 659 3083 Manassen,
672 3022 764 3076 Geech.
776 3022 801 3074 d.
815 3021 925 3091 Quellen
942 3020 964 3073 I
970 3037 999 3089 p.
1017 3022 1075 3072 537
1087 3020 1148 3087 sq),
1162 3022 1187 3072 et
1200 3017 1253 3072 col·

131 3111 210 3165 lectio
229 3130 259 3171 ω,
277 3128 359 3179 qnam
376 3107 543 3166 Mamaeam
561 3111 595 3177 (I
605 3128 635 3179 p.
653 3113 717 3177 512)
738 3110 891 3178 adpellerent
908 3108 1008 3165 codicis
1029 3107 1160 3162 Uaticani
1178 3108 1254 3172 (con-

130 3198 199 3252 tnli:
218 3203 250 3250 ω“
269 3225 302 3244 =
327 3200 414 3254 Uatie.
435 3200 482 3255 lat.
510 3204 580 3254 1342
602 3216 671 3253 saec.
688 3200 744 3260 IX,
764 3197 797 3250 u²
816 3223 848 3243 =
867 3197 1012 3252 Barbaria.
1032 3195 1109 3249 XIV
1132 3197 1168 3248 52
1185 3210 1253 3248 succ.

130 3288 184 3354 IX,
205 3287 239 3339 u³
257 3313 290 3332 =
308 3290 440 3343 Laurent.
467 3288 530 3341 bibl.
555 3289 636 3342 aedil.
660 3289 781 3342 Florent.
806 3290 844 3340 82
866 3301 934 3345 saec.
957 3286 1008 3353 X).
1097 3283 1254 3338 Ediderunt

129 3374 202 3428 hane
224 3377 355 3442 epitomen
378 3376 487 3440 Sucina,
510 3383 570 3430 tom.
590 3378 627 3431 Il
645 3377 782 3444 concilp.
800 3350 1157 3442 21731iatter.111308;
1177 3371 1259 3425 Thiel

133 3464 198 3514 522.
252 3465 268 3516 2
291 3464 390 3533 Incipit
413 3479 472 3528 [om.
499 3466 539 3534 βδ)
562 3466 722 3519 narrationis
751 3462 1041 3519 ordo..Alexandrini
1066 3461 1125 3530 βδυε
1149 3476 1199 3514 em.
1224 3458 1254 3529 Q.

130 3549 230 3619 Incipit
247 3550 293 3605 ubi
312 3552 443 3606 occiditur
454 3553 592 3606 Protcrius
611 3553 750 3623 episcopus
763 3551 956 3605 Alexandrinus
971 3570 992 3602 ω
1028 3549 1044 3602 3
1059 3548 1200 3618 dyoscorus
1214 3546 1256 3616 oQ

131 3641 176 3708 qui
195 3656 287 3693 onenes
301 3642 403 3695 codices
438 3643 455 3694 l
469 3641 605 3710 euthyceti
618 3640 654 3709 qh
674 3641 790 3710 eutyceti
803 3642 838 3709 ql,
859 3639 972 3708 eutyciti
982 3635 1023 3707 βδ,
1034 3635 1166 3717 ιειιὶὶοἰιετί
1177 3632 1254 3695 u²m²,

132 3728 241 3780 euticeti
261 3728 295 3780 ori
365 3729 575 3784 ddamnauerat
595 3730 677 3798 culpo
748 3727 970 3783 dcalchedonam
990 3725 1020 3796 Q.
1046 3724 1213 3778 calcedonem
1233 3722 1256 3789 d,

131 3808 293 3870 calcidonam
314 3815 355 3876 ⁰³¹.
380 3815 553 3869 calcidoniam
572 3813 606 3868 m²
691 3818 747 3868 tam
772 3815 835 3869 adol.
854 3813 882 3882 q¹
905 3830 977 3867 man.
997 3816 1016 3866 2
1034 3818 1059 3865 et
1078 3810 1111 3861 ω3
1128 3827 1202 3865 man.
1222 3814 1258 3864 2.·

123 3904 219 3958 -οηι.Σ
282 3904 440 3958 8sacerdus
464 3904 479 3972 β
541 3904 573 3957 lt)
592 3903 712 3972 dyoscori
731 3905 774 3970 oq¹
833 3903 871 3954 16-
884 3901 997 3970 paschae
1015 3897 1073 3969 q¹q²
1089 3916 1163 3952 ercan.
1185 3901 1204 3951 2
1224 3896 1267 3952 ω34

130 4009 203 4046 man.
222 3997 256 4046 2:
270 3992 369 4060 pascha
388 3990 464 4060 illoq²
481 4008 554 4045 man.
572 3996 583 4044 1
603 3990 671 4044 ωῑω3
688 4007 760 4046 man.
776 3998 799 4050 1.
818 4006 898 4059 pasca
917 3987 950 4039 m²
1022 3989 1053 4041 ll
1074 3985 1203 4040 occiditur
1224 3983 1256 4037 2:

131 4080 297 4134 concluditur
319 4081 440 4134 Liberat.
466 4081 511 4147 (cf.
535 4077 566 4137 Ω)
659 4077 691 4131 18
715 4079 864 4131 contulerat
888 4093 919 4130 es
945 4075 1095 4128 contulerat
1113 4092 1126 4124 o
1145 4089 1218 4126 man.
1241 4076 1260 4126 2

130 4167 282 4238 supradicto
303 4187 336 4222 co:
357 4167 523 4236 supradictus
543 4167 581 4235 βδ,
601 4168 645 4220 ssd
665 4166 696 4237 Q
716 4167 894 4234 suprascripto
914 4183 928 4215 o
