2864 4620
209 276 272 338 496
430 269 582 324 Dorotheus
600 268 844 322 Thessalonicensis
862 267 1020 322 Hormisdae
1038 284 1124 338 papae

208 465 299 529 uobis
324 463 468 529 Christus
491 465 523 527 et
546 461 622 526 deus
641 464 747 526 noster
766 461 897 526 credidit
915 462 1082 526 uenerandi
1100 463 1197 545 patris
1217 463 1335 545 suppli-

209 569 383 636 cationibus
398 587 546 646 annuens,
562 568 793 634 contemnentia
806 567 893 650 prius
908 567 1104 633 concordiam
1123 568 1162 632 ad
1180 569 1334 633 unitatem

208 677 313 741 uenire
346 678 377 740 et
407 673 644 757 praecedentem
681 673 869 738 diuisionem
901 677 995 757 atque
1026 674 1179 740 inuidiam
1210 680 1335 742 uestrae

207 784 330 847 tantum
358 779 559 853 ordinationis
587 779 738 861 perimere
767 779 888 844 calculo
907 783 949 844 et
971 797 1052 845 nuuc
1078 780 1110 844 in
1139 781 1335 846 concordiam

209 891 303 970 atque
336 886 534 951 serenitatem
562 888 704 949 constare
736 904 856 950 omnem
889 885 1058 949 terminum
1091 888 1215 956 sanctae
1247 887 1335 951 illius
1366 908 1382 948 s

166 1005 185 1067 3
210 993 384 1058 ecclesiae?
429 991 506 1055 haec
525 990 744 1065 <di>dicimus
763 1010 823 1056 uon
842 992 914 1054 ante
932 992 1034 1055 multa
1053 991 1155 1074 spatia
1172 993 1335 1073 temporis,

210 1099 372 1182 sperabam
382 1100 488 1162 autem
499 1101 530 1162 et
540 1097 701 1179 antiquam
711 1096 970 1162 consuetudinem
980 1115 1172 1180 cognoscens
1183 1098 1335 1162 ecclesiae

210 1210 241 1270 et
263 1206 404 1269 uestmm
432 1202 561 1267 audiens
590 1202 739 1268 socialem
763 1207 857 1284 atque
883 1202 1192 1283 inreprehensibilem
1217 1223 1336 1268 morem

208 1310 323 1375 uestris
356 1308 471 1374 litteris
502 1307 638 1373 firmiora
670 1311 764 1390 atque
801 1308 1014 1378 manifestiora
1049 1327 1246 1393 cognoscere.
1279 1309 1336 1374 sed

210 1416 284 1499 quia
319 1419 458 1498 tempore
490 1414 603 1479 hiemis
636 1413 674 1478 ad
706 1414 783 1486 haec
814 1432 873 1479 nos
904 1414 1063 1497 implenda
1095 1419 1233 1480 retentos
1266 1433 1336 1480 esse
1355 1439 1384 1480 ιο

210 1521 406 1587 consideraui
437 1523 470 1585 et
500 1524 609 1603 aptum
642 1524 735 1601 atque
769 1520 917 1586 debiturn
940 1520 1002 1585 fuit
1024 1523 1057 1586 et
1082 1521 1206 1604 plenam
1229 1525 1262 1586 et
1284 1520 1337 1585 dei

210 1628 391 1696 amatricem
423 1627 585 1692 caritatem
617 1626 711 1692 etiam
740 1627 915 1709 scripulosa
941 1626 1083 1704 transire,
1112 1626 1214 1692 scribo
1242 1630 1336 1709 atque

211 1734 352 1816 alloquor
374 1733 503 1797 beatum
526 1735 650 1796 uestrae
674 1731 851 1796 sanctitatis
875 1733 978 1814 caput,
1007 1732 1186 1816 significans
1215 1733 1337 1798 conlae-

210 1839 270 1904 tari
292 1839 403 1904 beatae
427 1837 495 1902 sedi
518 1837 722 1901 sacratissimi
749 1837 835 1901 Petri
858 1838 1002 1919 apostoli,
1027 1838 1111 1921 quod
1132 1838 1191 1902 tali
1216 1839 1338 1922 regitur

210 1964 315 2022 manu,
339 1963 419 2026 quae
442 1943 584 2025 suscepit
605 1941 787 2025 principem,
810 1962 870 2007 non
894 1943 948 2024 qui
970 1944 1119 2010 honorem
1140 1947 1262 2034 raperet
1280 1943 1335 2008 sed
1355 1965 1385 2011 rs

211 2051 266 2133 qui
292 2054 452 2133 raperetur
475 2048 512 2114 ab
537 2067 573 2113 eo
598 2052 640 2124 ot,
664 2048 747 2112 sicut
772 2049 936 2130 multiplex
962 2049 1059 2114 tradit
1090 2068 1191 2114 sermo
1221 2068 1256 2114 ac
1278 2067 1336 2112 nos

210 2157 256 2221 ita
281 2156 396 2221 habere
423 2154 590 2230 credimus,
623 2154 808 2220 nutritorem
835 2155 921 2238 pacis
950 2163 983 2220 et
1008 2158 1111 2220 rectae
1139 2154 1213 2219 fidei
1239 2157 1337 2219 certa·

211 2266 310 2328 torem
338 2265 370 2327 et
392 2260 585 2326 humanitate
614 2261 730 2325 mentis
754 2271 785 2324 et
808 2261 946 2336 caritate,
979 2279 1058 2344 quae
1090 2261 1175 2325 circa
1205 2263 1336 2325 cunctos

50 2375 52 2378 ’
167 2373 270 2446 lest,
303 2371 462 2449 tamquam
493 2366 645 2449 pretiosis.
667 2365 826 2449 lapidibus
849 2370 1041 2433 coronatum.
1087 2367 1201 2431 etenim
1224 2369 1338 2431 cuncta

210 2478 242 2539 te
268 2474 343 2539 uolo
369 2468 544 2538 uenerande
570 2475 660 2556 pater
686 2490 864 2556 agnoscere,
888 2472 971 2554 quod
999 2489 1035 2536 ex
1058 2472 1194 2554 antiquis
1218 2471 1336 2536 sanctis
1354 2499 1386 2540 so

211 2598 247 2644 ac
270 2563 455 2644 uenerandis
478 2577 619 2659 patribus
644 2577 819 2660 suscipiens
841 2577 928 2643 illius
951 2577 1060 2642 beatae
1084 2577 1168 2643 sedis
1191 2572 1338 2643 affectum

212 2688 244 2750 et
273 2684 356 2749 bunc
388 2687 549 2766 tamqnam
583 2685 743 2766 paternam
775 2686 891 2749 sortem
924 2682 1104 2748 custodiens
1132 2683 1246 2761 addere
1276 2682 1338 2747 boc

213 2794 285 2872 opto
318 2792 411 2871 atque
442 2779 567 2867 festino,
594 2791 631 2853 nt
656 2789 763 2854 ueniat
788 2789 820 2852 iu
847 2788 907 2854 hoc
934 2788 1040 2856 studio
1067 2772 1221 2859 teiminus
1247 2788 1337 2854 utilis

211 2895 406 2959 humanitate
434 2894 560 2977 quidem
587 2893 704 2959 domiui
732 2897 764 2959 et
790 2894 841 2959 dei
868 2894 968 2959 nostri
993 2894 1066 2959 Iesu
1090 2894 1216 2974 Christi,
1242 2893 1338 2959 inter·

214 3000 412 3065 cessionibus
440 3003 545 3065 autem
571 3000 603 3064 iu
628 3000 752 3065 cunctis
779 2999 954 3065 beatissimi
981 2999 1113 3083 apostoli
1136 2999 1222 3065 Petri
1249 3000 1281 3063 et
1305 2999 1338 3063 iu
1356 3026 1387 3069 aa

213 3106 358 3172 omnibus
378 3104 603 3188 sapientissimi
620 3106 722 3184 Pauli,
740 3110 778 3171 ut
795 3105 988 3171 uenerandae
1006 3124 1114 3170 eorum
1131 3105 1198 3171 sedi
1216 3107 1249 3170 et
1264 3105 1339 3169 tuae

213 3210 400 3276 beatitudini
422 3211 505 3275 inste
529 3211 654 3277 debitus
676 3213 777 3278 bonor
798 3211 995 3276 custodiatur
1017 3214 1110 3296 atque
1126 3207 1284 3288 reddatur,
1302 3213 1341 3275 ut

251 3440 264 3493 l
292 3438 416 3509 patril',
443 3454 511 3494 corr.
534 3436 576 3492 2²:
603 3437 694 3493 fratris
715 3438 785 3494 Bor,
891 3439 907 3494 3
934 3437 1131 3508 praecidentem
1153 3436 1185 3503 V,
1212 3453 1281 3506 corr.
1310 3436 1342 3503 aa

214 3527 374 3582 telanculo
396 3527 428 3591 V,
446 3542 514 3584 corr.
528 3526 602 3580 'Bon
681 3526 822 3580 concordia
839 3529 920 3597 atque
938 3526 1082 3581 serenitate
1104 3526 1183 3582 Tbs'el
1235 3527 1255 3581 ’6
1273 3525 1340 3582 dici·
1394 3551 1397 3556 ·

213 3632 272 3670 mus
295 3614 410 3682 V,ccra
428 3615 499 3670 Bar.
594 3614 782 3684 lauteqnam
805 3613 923 3679 V,.corr.
943 3615 969 3684 ρ2
1063 3614 1341 3683 81nestrumncetcr

204 3720 288 3758 ‘mam
305 3719 370 3760 rec:
386 3687 467 3756 ἦν
518 3701 614 3759 il<ex>
634 3703 732 3756 uestris
749 3702 819 3760 Bar.
872 3702 973 3756 firmior
995 3700 1026 3766 V,
1045 3716 1112 3758 corr.
1132 3700 1162 3756 oe²
1215 3703 1249 3758 12
1266 3719 1342 3758 scru-

214 3791 344 3863 pulosae
359 3787 433 3845 ‘mors
447 3795 514 3859 post
602 3791 636 3846 14
653 3789 733 3855 (nos)
751 3788 851 3844 beatae
867 3790 938 3845 Bar.
1042 3789 1117 3845 beati
1139 3791 1171 3856 V,
1189 3805 1261 3864 corr.¹
1276 3790 1343 3848 Gar.

215 3879 286 3934 sedis
308 3877 335 3931 V
437 3879 471 3944 16
489 3878 535 3949 qui
554 3877 592 3948 9²:
612 3872 721 3950 pniaV
809 3895 839 3933 ac
857 3879 966 3946 scripsi:
989 3879 1056 3933 haec
1079 3879 1111 3944 V,
1130 3883 1158 3933 et
1174 3879 1245 3934 Bor.
1269 3889 1330 3948 <se>

157 3960 158 3963 ’
214 3967 312 4021 habere
330 3966 400 4029 Bar.¹
481 3967 716 4034 recumbente(
736 3968 1167 4027 '!)..caritate..coronatum
1186 3968 1269 4022 Bon:
1289 3967 1341 4026 hu·

213 4048 370 4109 manitatem
385 4097 392 4111 .
408 4095 415 4109 .
429 4040 568 4110 caritatem
624 4054 835 4124 coronantemV
866 4055 898 4108 21
915 4054 1013 4110 affectu
1027 4054 1060 4120 V,
1073 4071 1140 4110 corr.
1156 4053 1183 4127 ρ2
1217 4056 1253 4111 23
1267 4061 1299 4112 nt
1314 4058 1343 4129 p:

217 4146 246 4196 et
267 4140 294 4196 V
342 4143 377 4197 27
394 4143 494 4196 honore
518 4141 552 4208 Vc
566 4156 633 4207 corr.
651 4158 706 4197 ras.
725 4159 801 4200 man.
818 4148 887 4210 post.
906 4161 924 4194 α
1161 4134 1163 4136 ’
