2864 4620
631 294 775 351 rra-ra.
1196 300 1256 362 789

133 511 229 572 quam
243 545 245 549 .
259 492 320 556 lruc
346 491 485 567 referret,
509 491 574 573 pari
598 490 706 573 utique
729 492 817 555 reatu
841 491 907 555 sine
931 490 1025 554 dubio
1048 490 1259 572 probabantur

132 597 258 661 inuolui
271 597 400 679 iureque
413 616 468 678 per·
481 597 571 661 illum
585 597 840 680 transgressionis
856 597 1040 661 sententiam
1053 601 1259 680 susceperuut

130 705 295 785 tamquam
318 703 394 767 facti
418 721 488 766 cum
513 702 621 766 eodem
645 702 871 767 communionis
896 705 1047 780 externae,
1073 703 1126 783 qui
1149 703 1258 784 utique

130 828 196 876 nou
233 809 355 874 consuli
392 812 552 891 tamquam
589 810 712 873 nostrae
750 808 978 875 communionis
1015 808 1156 873 homines
1196 809 1258 873 iam

85 932 103 972 5
132 915 284 979 deberent
311 914 365 979 sed
394 917 552 998 tamquam
580 914 610 978 in
639 914 791 978 contrario
819 914 915 995 positi
942 914 1096 979 consortio
1121 914 1258 978 refutari.

133 1021 162 1084 si
185 1040 260 1085 uero
284 1040 343 1085 non
368 1020 683 1097 communicaueraut,
703 1026 868 1101 antequam
888 1019 1022 1084 Aeacius
1041 1021 1103 1085 huc
1121 1021 1258 1098 referret,

134 1131 168 1191 et
191 1126 474 1190 communicantem
498 1129 605 1189 notare
630 1125 800 1190 debuerant
824 1128 855 1189 et
876 1125 938 1207 ipsi
962 1125 999 1189 de
1023 1125 1131 1190 eodem
1153 1127 1259 1207 potius

132 1233 197 1297 huc
223 1232 336 1296 referre
364 1234 458 1314 atque
487 1232 677 1314 apostolicae
705 1231 789 1295 sedis
817 1231 924 1316 uigore
947 1233 1126 1314 perculsum
1148 1233 1259 1295 merito

137 1339 326 1420 conprobare
349 1357 482 1420 cumque
503 1357 538 1402 ea
556 1337 628 1401 sede
649 1337 821 1418 apostolica
838 1338 996 1419 tantisque
1014 1337 1078 1402 illis
1098 1338 1260 1402 catholicis

85 1460 103 1500 o
136 1444 338 1528 pontificibus
369 1444 471 1528 magis
502 1447 607 1508 tenere
640 1444 846 1508 concordiam.
879 1443 933 1508 sed
966 1444 1039 1525 quia
1070 1444 1107 1508 ab
1135 1444 1260 1509 illorum
1270 1440 1310 1504 47

137 1550 286 1614 societate
323 1550 519 1615 desciuerant
557 1553 588 1615 et
624 1569 731 1615 eorum
763 1550 999 1615 successoribus
1032 1549 1260 1615 communicare

137 1655 323 1737 delegerant,
357 1656 427 1720 ideo
461 1675 532 1720 curu
564 1655 637 1720 sede
670 1656 842 1738 apostolica
871 1656 1000 1720 minime
1037 1655 1258 1738 congruebant,

137 1761 210 1843 quia
231 1761 263 1825 in
287 1764 404 1826 sortem
426 1761 600 1826 reciderant
621 1761 878 1843 praeuaricatoris
901 1762 1008 1826 Aoaoii
1026 1763 1100 1833 (et)
1120 1761 1206 1825 illius
1226 1780 1259 1825 se

137 1868 201 1932 sine
234 1867 327 1931 dubio
359 1867 562 1950 peruidebant
597 1867 751 1932 sententia
778 1870 1002 1950 consequenter
1028 1867 1190 1951 adstringi,
1220 1867 1258 1930 ob

85 1983 107 2024 5
136 1973 194 2037 hoc
214 1992 284 2038 eum
303 1972 404 2036 uideri
423 1973 569 2037 uolebant
587 1993 655 2038 esse
675 1973 864 2050 damnatum,
885 1973 959 2055 quia
977 1991 1011 2036 se
1030 1973 1261 2055 cognoscebant

135 2079 168 2143 in
197 2079 304 2142 eadem
331 2079 595 2160 praeuaricatione
624 2078 795 2156 damnatos,
823 2079 854 2142 in
879 2098 940 2161 qua
961 2078 1114 2161 hodieque
1136 2097 1260 2142 manere

134 2184 319 2266 persistunt.
345 2184 400 2248 sed
423 2185 505 2248 sicut
526 2185 560 2247 hi
584 2185 682 2248 simili
701 2184 877 2249 conditione
897 2183 1058 2248 constricti
1076 2184 1260 2266 complicem
1270 2183 1312 2247 48

136 2311 231 2355 suum
264 2310 323 2354 non
355 2294 489 2372 possunt
520 2291 657 2355 iudicare
689 2309 750 2354 nou
780 2290 848 2354 iure
881 2290 1062 2355 damnatum
1089 2307 1188 2370 neque
1216 2291 1260 2354 rei

132 2415 223 2461 reum
253 2399 387 2479 possunt
414 2400 626 2479 competenter
653 2398 825 2474 absoluere,
855 2396 900 2460 sic
923 2396 978 2460 illo
1002 2395 1084 2459 iuste
1107 2395 1261 2477 praeuari-

85 2516 110 2557 0
134 2506 239 2570 catore
268 2504 412 2569 damnato
440 2504 496 2568 isti
523 2523 648 2586 quoque
675 2504 741 2587 pari
767 2504 872 2568 iacent
894 2502 1092 2567 damnatione
1115 2500 1262 2583 prostrati

132 2628 235 2691 neque
263 2610 325 2674 uisi
352 2610 572 2693 resipiscentes
599 2610 670 2674 inde
698 2612 846 2691 poterunt
871 2628 998 2692 prorsus
1027 2607 1159 2684 absolui,
1189 2606 1263 2688 quia

133 2715 220 2781 sicut
237 2734 292 2798 per
309 2735 406 2779 unum
425 2716 611 2781 scribentem
632 2735 739 2780 eorum
755 2715 892 2780 omnium
908 2716 1038 2799 uulgata
1052 2712 1261 2796 transgressio

134 2824 195 2899 est,
219 2821 326 2904 quiin
356 2821 485 2886 eandem
511 2821 659 2903 perfidiae
685 2821 860 2885 reciderant
887 2821 1051 2896 actionem,
1077 2818 1177 2883 sicin
1202 2837 1262 2882 uuo

134 2921 317 3008 eodemque,
346 2928 399 3008 qui
422 2948 477 3009 pro
503 2927 646 2992 omnibus
670 2928 840 3008 scripserat
862 2927 915 2991 uel
938 2926 1101 2991 scribendo
1126 2925 1263 2988 omnium

85 3050 116 3097 ss
133 3032 314 3115 prodiderat
342 3034 532 3111 uoluntates,
561 3033 810 3118 transgressione
837 3034 947 3117 punita
972 3031 1111 3114 <pariter
1142 3047 1263 3111 quoque

174 3313 187 3364 1
208 3310 448 3381 probabuntur'ssd,
467 3312 613 3381 probantur
634 3311 659 3364 Τ
677 3311 729 3379 (Β)
793 3313 809 3365 2
828 3311 995 3379 susciperunt
1014 3308 1074 3377 βδᾳ3
1130 3310 1147 3360 4
1166 3306 1265 3360 consoli

130 3399 219 3468 cq¹q³,
243 3401 344 3454 consuli
367 3399 395 3468 q²
416 3417 489 3454 maa.
514 3404 534 3453 2
555 3401 604 3471 (uli
626 3401 658 3453 ia
679 3402 756 3470 aas),
776 3399 899 3454 consoliti
919 3396 949 3467 βδ
1040 3398 1055 3451 6
1073 3413 1126 3449 non
1144 3412 1194 3448 om.
1216 3395 1268 3465 Qu

137 3489 401 3546 communicauerunt
420 3486 451 3556 βδ
514 3491 529 3542 1
549 3489 577 3542 et
595 3494 659 3542 autc
677 3489 913 3542 communicantem
933 3502 983 3540 om.
1003 3484 1034 3553 βδ
1105 3484 1233 3538 debuerat
1252 3482 1265 3534 δ

136 3574 272 3646 ipsc·i³1',
291 3576 358 3646 ipstll
377 3578 456 3642 (erus.
472 3594 485 3631 e
499 3583 530 3630 at
547 3578 666 3643 uidetur)
683 3575 698 3644 β
734 3576 926 3630 8reterrent2
944 3575 1000 3628 atsi
1016 3573 1089 3642 quod
1101 3572 1231 3626 referetur
1243 3569 1266 3623 t²

141 3665 188 3732 (cs.
200 3664 238 3734 B)
292 3666 324 3718 11
344 3664 506 3720 disoiuerant
522 3664 608 3736 ρυβίῖ,
628 3665 791 3719 disciderent
804 3663 826 3727 δ,
846 3664 998 3718 discuerant
1010 3662 1042 3723 2⁴³,
1062 3661 1226 3715 discuterant
1243 3659 1269 3712 T

142 3754 177 3807 12
199 3753 349 3823 deligerent
373 3753 419 3823 Qu,
443 3754 588 3823 diligerent
611 3754 634 3823 β,
658 3749 802 3824 diligerent
825 3752 842 3804 δ·
933 3752 966 3806 13
989 3754 1060 3804 sorte
1083 3746 1103 3800 Σ
1126 3750 1209 3816 (secte
1231 3745 1265 3816 i2)

139 3841 307 3896 recciderant
325 3840 386 3910 βυρ2
453 3844 528 3897 acaci
547 3842 577 3912 βδ
650 3848 677 3896 et
695 3836 728 3896 a:
747 3838 832 3896 om}
883 3842 916 3894 14
928 3840 986 3894 <et>
999 3839 1032 3893 ob
1045 3839 1085 3892 tr
1133 3837 1165 3892 15
1179 3851 1267 3889 secum

139 3929 288 4004 noscebant
306 3929 318 3981 δ
374 3931 405 3985 16
424 3931 504 3985 hodie
522 3931 563 3984 iT
612 3932 642 3985 17
657 3935 722 3999 post
739 3931 886 3999 persistunt
902 3929 934 3982 ia
952 3926 980 3997 q²
998 3927 1099 3981 excidit
1117 3924 1267 3992 quaternio,

140 4023 173 4071 tot
189 4017 298 4086 reliqua
315 4018 404 4072 desint
480 4018 520 4073 hii
539 4017 607 4088 βδῴ,
625 4018 667 4071 his
689 4019 715 4072 Τ
790 4014 1010 4072 constrictioneb
1100 4013 1133 4067 19
1151 4011 1191 4065 1111
1208 4010 1267 4075 W,

141 4103 231 4159 illei³
300 4106 388 4159 iustae
407 4104 430 4173 β,
448 4104 553 4176 instet
606 4107 640 4160 23
660 4105 752 4160 eadem
769 4102 821 4160 W
889 4104 1058 4159 recciderant·
1072 4100 1132 4171 buq¹
1185 4114 1267 4154 uuum

143 4192 310 4262 eundemque
327 4192 379 4246 2²1¹
430 4194 464 4249 25
482 4211 519 4262 aq.
538 4194 640 4264 pariter
654 4236 660 4248 .
676 4193 792 4270 ..punito
808 4183 962 4248 inseratur
980 4190 1083 4247 asom.
1103 4188 1123 4242 Σ
