2864 4620
71 246 75 254 '
173 241 235 306 508
358 237 652 314 Rescriptumscnatus
672 235 744 289 urbis
762 235 861 289 Romae
879 235 913 289 ad
931 235 1102 289 Anastasium

680 427 786 513 (ιιι.)

208 572 394 618 nasceretur
416 573 552 619 seuerus
574 573 661 618 uums
685 573 784 620 norrea
808 573 850 618 ao
872 572 1069 618 nuasrnsrmr
1090 575 1260 621 aucusrurr.

386 679 445 724 aas
468 665 666 725 amonemur
687 680 725 724 rar
749 679 1011 727 susurrandum.
1037 680 1085 725 cc.

218 782 252 850 Si
277 784 379 869 prima
404 803 527 867 semper
554 786 612 862 est,
639 785 807 867 imperator
828 784 955 862 inuicte,
980 803 998 848 a
1019 785 1200 867 regentibus
1224 805 1297 869 sup·

173 891 292 974 plicum
315 875 455 974 spectato
479 890 615 968 deuotio,
640 890 667 954 si
690 891 757 956 solo
780 889 882 974 gratia
899 890 1094 964 dominorum
1113 892 1298 956 conciliatur
1325 903 1339 945 ⁵

175 998 335 1089 obsequio,
350 996 563 1062 indubitanter
576 1015 736 1080 agnosces,
752 1015 857 1061 sacrae
872 997 1020 1062 iussionis
1040 998 1164 1062 oracula
1182 1003 1298 1079 quanta

175 1105 303 1170 senatus
330 1103 429 1168 uestri
454 1101 570 1167 tuerint
597 1104 804 1187 gratulatione
831 1105 987 1187 suscepta,
1010 1104 1140 1167 maxims
1164 1122 1235 1169 cum
1258 1103 1297 1166 ad

174 1210 234 1275 hoc
256 1212 288 1274 et
310 1208 431 1274 animus
456 1208 572 1274 domini
594 1208 693 1273 nostri
714 1207 916 1272 inuictissimi
937 1210 1020 1293 regis
1037 1208 1219 1273 Theoderici
1240 1209 1298 1273 tilii

174 1313 273 1395 uestri
293 1314 510 1389 mandatorum
533 1317 709 1380 uestrorum
732 1313 959 1379 oboedientiam
975 1315 1192 1398 praecipientis
1211 1334 1297 1381 acce-

176 1421 262 1485 deret
289 1423 321 1485 et
347 1421 483 1485 sciamus
512 1438 606 1504 supra
637 1421 741 1486 omnia
771 1419 921 1485 beneficia
950 1423 1057 1484 uestra
1087 1422 1164 1484 tuhc
1195 1420 1296 1503 magis
1317 1445 1346 1484 ro

134 1537 153 1599 2
176 1545 232 1593 nos
257 1526 345 1610 erigi,
369 1545 440 1591 cum
456 1526 573 1610 ‘dignos
597 1523 732 1605 creditis,
756 1527 870 1608 quibus
893 1527 1005 1592 debeat
1024 1527 1179 1608 imperari.
1226 1545 1298 1593 mox

176 1632 274 1717 igitur·
301 1651 405 1697 sacrae
432 1633 535 1698 studio
562 1633 712 1698 iussionis
739 1633 915 1716 implendae
942 1632 1158 1701 beatissimum
1184 1653 1298 1718 papam

155 1738 158 1744 “
175 1735 485 1810 Hormisdamcredi(
493 1738 523 1803 di
532 1751 621 1814 >mus
632 1739 868 1822 deprecandum.
883 1739 921 1804 de
931 1759 1112 1823 quoparum
1127 1739 1297 1818 estdicerc,

176 1843 251 1927 quia
272 1846 349 1917 uota
370 1845 615 1927 supplicantium
637 1845 830 1930 benignitate
852 1846 1038 1928 praecessit;
1063 1846 1118 1911 sed
1141 1849 1174 1910 et
1194 1845 1298 1909 nobis·

177 1969 250 2015 cum
273 1969 346 2016 snas
368 1969 487 2033 preces,
509 1959 546 2015 ut
570 1951 654 2032 quod
676 1951 843 2016 hortamini
864 1950 929 2029 liat,
953 1951 1090 2016 adiunxit
1108 1951 1299 2035 euangelicis
1317 1978 1346 2018 ιι

169 2056 371 2129 ¹uoluntatem
404 2069 492 2122 suam
524 2057 713 2122 testimoniis
741 2057 922 2134 adserendo,
949 2056 1115 2121 ostendeus
1147 2055 1300 2121 mundum

177 2181 271 2245 supra
279 2161 497 2233 multitudines
511 2165 707 2244 peccatorum
724 2181 852 2227 suorum
867 2161 1021 2227 scandalis
1035 2163 1107 2244 plus
1122 2167 1298 2246 grauatum,

177 2268 251 2335 dum
283 2287 344 2334 uox
371 2268 413 2333 sit
433 2268 496 2334 ista
517 2267 690 2333 dominica:
714 2287 781 2334 uae
809 2269 942 2333 mundo
972 2269 1014 2332 ab
1042 2267 1241 2345 scandalis,
1268 2272 1300 2332 et

174 2375 273 2448 <abac
281 2374 384 2446 >idere
407 2377 546 2457 oportere
569 2374 710 2438 homines
730 2374 991 2440 scandalizantem
1009 2377 1129 2456 partem
1147 2374 1300 2438 membro·

176 2500 256 2557 rum,
280 2499 373 2562 quam
401 2479 493 2544 utin
521 2470 625 2563 ignem
647 2498 707 2544 non
729 2479 935 2545 renuntiando
959 2479 1114 2544 scandalis
1135 2479 1301 2564 mittantur
1316 2507 1348 2548 ro

134 2585 155 2649 3
177 2588 346 2651 aeternum.
361 2573 417 2650 sed
430 2587 462 2649 et
474 2588 547 2668 post
558 2585 773 2651 haec-diuinae
786 2585 930 2664 lectionis
947 2586 1105 2669 exemplis,
1120 2604 1213 2667 quam
1226 2583 1302 2648 boni

178 2691 244 2758 sint
264 2692 384 2775 fructus
406 2691 504 2774 pacis,
529 2691 675 2770 ostendit,
699 2710 771 2756 cum
789 2692 907 2778 diceret
923 2694 955 2756 et
972 2693 1149 2775 apostolum
1167 2691 1302 2756 Paulum

121 2835 122 2838 =
179 2798 280 2882 gratia
306 2796 355 2862 dei
381 2797 510 2879 plenum
536 2797 615 2862 nihil
641 2799 756 2875 tamen,
786 2798 900 2880 quibus
926 2798 1005 2862 bene
1032 2797 1194 2880 cupiebat,
1219 2795 1303 2878 quod

179 2907 310 2986 optaret,
332 2901 445 2969 melius
467 2903 636 2981 inuenisse,
659 2902 721 2967 nisi
744 2906 781 2968 ut
802 2924 870 2987 pax
897 2903 966 2983 dei,
991 2922 1083 2986 quae
1107 2905 1303 2985 est'supra

267 3126 300 3180 ra
317 3125 414 3182 naal.
434 3127 475 3189 ro,
495 3119 510 3178 a
547 3168 549 3172 ,
578 3125 610 3179 ro
629 3116 669 3195 sq.
688 3123 722 3179 er.
740 3125 837 3179 naath.
859 3125 899 3188 ra,
918 3125 934 3179 a
1000 3125 1035 3178 24
1053 3124 1086 3179 ef.
1105 3123 1221 3194 enurpp.
1240 3124 1266 3187 ι,
1286 3123 1302 3176 a

140 3320 142 3324 Ι
214 3250 283 3308 114.
337 3249 404 3304 Dat.
424 3249 517 3317 (mmet
534 3265 594 3304 cam
612 3265 651 3317 ep.
670 3252 735 3316 112)
761 3266 786 3303 a.
808 3251 936 3303 biduom
954 3253 1019 3302 ante
1034 3260 1147 3306 eumaem
1165 3246 1237 3314 Sept.
1252 3261 1305 3314 per

82 3351 84 3354 ’
183 3339 383 3407 Theopompum
400 3343 425 3392 et
441 3337 635 3404 Seuer-ianam
652 3336 794 3405 respondet
812 3337 943 3406 epmtulae
959 3340 1018 3391 113.
1096 3334 1171 3392 Edu.
1193 3334 1256 3388 Car.
1274 3332 1306 3387 1²

181 3429 253 3491 m,-
270 3426 339 3481 Bur.
358 3427 397 3480 ad
414 3443 440 3480 a.
462 3421 523 3488 515,
542 3430 593 3493 14;
612 3424 719 3479 Collect.
741 3424 858 3492 coner,
879 3425 958 3480 Tbe'el
977 3428 1042 3479 768,
1113 3428 1130 3477 3
1152 3440 1200 3494 per
1217 3423 1304 3476 'l'heo-

81 3571 84 3575 ,
179 3531 309 3586 pompam,
332 3519 360 3568 et
382 3516 548 3568 seuerianum
571 3531 596 3568 u.
621 3529 643 3567 c.
668 3516 749 3579 (corr.
776 3513 854 3581 Cor.)
882 3513 1036 3567 charactere
1060 3510 1204 3567 minutiore
1230 3511 1306 3567 Vim

179 3619 263 3673 uturp.
301 3603 393 3677 dsola
410 3603 441 3667 V,
461 3618 527 3657 corr.
540 3603 610 3656 Bur.
648 3602 876 3672 9praceipientes
895 3600 926 3662 V,
945 3617 1012 3655 corr.
1032 3599 1059 3671 9²
1110 3599 1267 3654 accenderet
1280 3595 1307 3669 ρ2

182 3693 214 3746 13
231 3690 366 3745 hormisda
388 3692 419 3754 V,
437 3708 504 3747 corr.
524 3704 538 3742 o
609 3690 739 3744 credimus
759 3690 790 3757 V,
809 3707 876 3744 corr.
896 3688 922 3760 p²
976 3692 1008 3744 14
1027 3688 1089 3759 quia
1111 3688 1146 3741 V:
1166 3705 1220 3757 qua
1237 3687 1306 3741 Bar.

180 3782 313 3851 im-marp.
368 3781 401 3834 16
420 3797 495 3833 suern
514 3796 530 3833 a
547 3779 710 3836 testimoniis
732 3778 764 3842 V,
783 3795 851 3834 corr.
871 3797 885 3830 o
943 3780 977 3832 17
995 3775 1176 3831 multitudinis
1198 3774 1230 3831 V.
1248 3790 1306 3828 cor·-

180 3870 251 3924 reci:
266 3867 469 3922 multitudinem
489 3868 552 3922 Car.
590 3869 622 3922 18
640 3868 721 3921 ueV
774 3867 807 3921 ab
831 3868 866 3922 V:
885 3883 901 3921 a
920 3887 933 3919 o
952 3884 1011 3921 cum
1033 3865 1154 3936 Vulpata
1195 3865 1227 3918 19
1246 3861 1307 3916 abs-

182 3957 269 4015 cidere
286 3957 395 4026 compsi:
414 3955 486 4010 idem
510 3957 541 4020 V,
559 3958 623 4010 item
646 3952 732 4016 Thiel,
752 3956 907 4010 abscindere
926 3954 964 4028 p²;
986 3955 1069 4024 culpo
1091 3952 1246 4008 abscindere
1264 3952 1309 4004 met

182 4045 318 4108 abscidere
340 4046 514 4099 inseruerunt
530 4049 596 4114 post
612 4044 790 4105 membrorum
896 4043 1133 4103 scandalizantium
1154 4041 1185 4106 V,
1205 4040 1310 4094 correxi

183 4133 215 4188 21
236 4136 264 4188 et
281 4136 343 4203 post
360 4149 448 4202 supro
466 4134 540 4187 linea
563 4132 589 4186 V
652 4133 685 4186 22
704 4132 741 4186 sit
763 4133 794 4197 V,
813 4147 917 4187 corma
980 4130 1125 4201 ‘lhoptore
1148 4129 1179 4194 V,
1198 4144 1269 4182 corr.
1283 4125 1310 4180 ο2
1352 4191 1354 4196 Ι
