2864 4620
244 284 305 346 756
403 276 569 346 Epiphanius
589 274 800 330 constantiensis
820 274 852 328 de
870 275 922 328 XII
941 276 1052 344 gemmis
1070 277 1209 330 rationalis

243 474 369 556 quidam
405 474 462 536 hos
501 472 588 535 aiunt
623 491 659 534 ex
697 470 798 553 guttis
832 489 932 552 aquae
969 470 1166 536 consolidari.
1204 474 1370 556 onychitas

243 583 349 644 autem
363 579 496 642 naturali
511 578 630 642 ratione
645 577 874 660 cognominant,
892 595 927 640 eo
943 577 1026 657 quod
1040 597 1163 661 ungues
1178 578 1371 643 urbanorum

242 687 382 750 uirorum
416 685 516 750 instar
553 686 626 747 suut
661 683 824 746 marmoris
862 683 994 763 quadam
1026 683 1173 748 mixtione
1206 686 1370 773 sauguinis

243 792 494 855 obrubescentes.
518 790 599 853 unde
622 789 763 853 nonnulli
784 789 920 871 lapidem
943 808 1159 867 marmoreum,
1183 792 1238 872 qui
1261 796 1313 857 est
1336 813 1371 858 ex

241 901 310 963 1000
339 897 484 975 Decimii,
514 896 677 978 onychiteu
705 894 785 959 falso
813 895 937 958 nomine
969 895 1110 959 uocitant
1141 897 1180 960 ob
1214 898 1370 963 albedinis
1399 914 1410 955 ⁶

240 1005 420 1087 puritatem.

189 1103 230 1166 45
286 1112 370 1174 Ηο00
398 1109 496 1193 igitur
523 1108 689 1174 duodecim
712 1107 864 1189 lapidum,
889 1107 996 1189 quiin
1020 1107 1269 1190 superhumerali
1293 1114 1370 1175 tuuc

241 1217 385 1300 imperati
413 1220 486 1280 sunt
514 1215 635 1280 annecti
661 1215 829 1298 pontificis,
858 1233 892 1278 ex
921 1214 1054 1279 diuersis
1087 1215 1280 1291 auctoribus,
1316 1217 1370 1298 qui

242 1323 279 1387 de
307 1322 426 1387 naturis
453 1322 564 1386 horum
592 1321 693 1385 dixere
719 1321 870 1402 lapidum,
894 1322 1018 1385 constat
1039 1319 1195 1397 inuentio;
1221 1341 1369 1404 quorum,

242 1429 324 1494 sicut
350 1429 542 1512 inuestigare
570 1428 742 1511 potuimus,
771 1430 835 1491 tarn
863 1427 983 1510 species
1012 1447 1104 1510 quam
1131 1428 1202 1493 loca
1225 1447 1283 1492 nec
1309 1448 1370 1494 uon
1388 1446 1412 1486 ιο

243 1540 274 1599 et
300 1535 457 1618 potentias
485 1534 691 1616 inspectionis
720 1553 827 1598 eorum
854 1533 976 1598 iuterim
1005 1533 1141 1599 breuiter
1181 1533 1371 1600 adnotantes

243 1641 436 1724 singulorum
459 1641 597 1722 lapidum
622 1640 748 1705 nomina
772 1642 998 1722 cousequenter
1021 1639 1239 1723 expressimus.

190 1741 230 1804 46
284 1748 344 1810 Η10
384 1748 445 1811 iarn
488 1766 568 1810 nunc
609 1746 777 1829 quaeritur,
819 1745 932 1827 quibus
974 1745 1075 1809 modis
1116 1764 1187 1809 eum
1225 1745 1372 1810 ordinem

240 1853 489 1935 consequentiae,
519 1853 572 1935 qui
595 1856 644 1917 est
666 1852 860 1916 certissimus
884 1855 916 1916 et
938 1871 1120 1935 congruere,
1145 1852 1372 1935 approbemus.

240 1979 311 2024 nam
332 1979 388 2042 per
410 1959 572 2024 duodecim
595 1959 696 2023 trihus
720 1958 884 2023 duodecim
906 1958 1026 2040 lapides
1050 1958 1162 2040 apponi
1179 1958 1263 2022 iussi
1284 1964 1371 2030 sunt,
1391 1977 1414 2018 1⁵

241 2067 286 2130 ita
316 2069 353 2130 ut
384 2085 465 2142 uuus
498 2065 579 2148 lapis
610 2065 666 2129 uni
697 2064 793 2128 tribui
821 2067 1017 2146 coaptaretur
1044 2067 1076 2128 et
1103 2063 1141 2127 ad
1168 2063 1373 2148 siugulamm

241 2172 367 2236 nomina
394 2172 599 2236 decernantur
626 2170 744 2255 singuli
766 2169 896 2252 lapides.
922 2174 953 2234 et
976 2171 1003 2234 si
1026 2169 1149 2253 quidem
1174 2169 1373 2236 declarasset

240 2278 350 2357 iussio,
379 2278 430 2342 cui
456 2277 552 2343 tribui
581 2279 650 2360 quis
678 2277 758 2360 lapis
782 2280 916 2358 aptetur,
941 2277 1027 2340 nulla
1048 2295 1175 2357 prorsus
1199 2277 1371 2358 inquisitio

241 2386 421 2466 superesset
448 2384 487 2447 ad
513 2383 719 2467 indagandam
752 2383 962 2447 definitionem
995 2383 1147 2446 diuinitus
1179 2382 1370 2460 ordinatam,

242 2490 296 2554 sed
319 2490 358 2553 ad
382 2490 593 2572 exponendam
616 2489 705 2553 nobis
728 2489 793 2553 uim
816 2489 956 2571 lapidum
978 2488 1195 2554 tantummodo
1220 2489 1371 2554 studiosa
1388 2515 1411 2554 ao

189 2602 230 2666 47
241 2596 466 2678 relinqueretur
487 2595 636 2663 intentio:
661 2614 742 2660 nuno
765 2597 869 2659 autem
893 2613 954 2661 non
978 2597 1027 2658 est
1050 2594 1292 2659 determinatum
1313 2597 1370 2660 sed

241 2689 427 2785 simpliciter
452 2703 483 2766 in
512 2702 633 2766 duobus
655 2702 734 2766 locis
757 2703 868 2766 horum
889 2702 1030 2784 lapidum
1054 2703 1312 2783 consequentiam
1338 2707 1370 2767 et

241 2809 477 2890 compositionis
506 2827 612 2873 eorum
641 2808 776 2891 speciem
804 2809 958 2873 fateamur
986 2808 1183 2889 adscriptam,
1216 2808 1304 2873 sicut
1336 2810 1367 2873 iu

239 2915 392 2992 rationali,
422 2914 506 2996 quod
534 2933 627 2997 snper
653 2919 764 2997 pectus
791 2915 965 2996 ponebatur
994 2914 1160 2995 pontilicis,
1194 2917 1226 2978 et
1260 2935 1368 2997 super-

188 3019 229 3082 48
242 3021 394 3085 humerali
421 3040 476 3104 per
504 3021 582 3085 duos
611 3024 721 3086 anulos
750 3039 859 3085 aureos
887 3021 919 3084 in
948 3040 983 3086 eo
1012 3021 1174 3103 disposito.
1200 3020 1256 3102 qui
1280 3023 1367 3085 anuli
1383 3041 1405 3080 a

240 3146 296 3210 per
324 3127 535 3194 extremitates
564 3145 638 3190 suas
664 3126 813 3192 rationale
837 3126 869 3191 in
892 3127 995 3190 medio
1019 3127 1230 3202 continebant,
1254 3146 1367 3192 rursus

241 3234 365 3298 annexis
411 3233 623 3314 superioribus
669 3232 781 3309 anulis,
824 3234 878 3314 qui
917 3235 1004 3296 erant
1043 3233 1073 3302 iu
1116 3232 1368 3313 superhumerali

240 3339 396 3421 pontificis
429 3339 459 3402 in
493 3341 623 3419 utraque
657 3338 779 3402 humeri
809 3342 896 3420 parte
926 3339 1070 3402 conserti.
1098 3357 1170 3401 nam
1198 3340 1231 3401 et
1260 3358 1369 3422 super-

240 3444 410 3520 humerale,
448 3463 518 3508 curn
556 3446 640 3507 esset
680 3464 776 3508 unum
817 3464 872 3527 per
913 3445 1089 3521 circuitum,
1130 3463 1192 3516 uno
1235 3465 1367 3528 prorsus

241 3551 357 3617 orificio
372 3549 584 3625 claudebatur,
594 3549 710 3613 habens
720 3550 832 3614 uittam
841 3550 1075 3633 hyacinthinam
1085 3569 1158 3615 auro
1169 3553 1369 3635 complexam
1384 3573 1406 3614 eo

277 3811 386 3880 laquis
410 3812 439 3874 V,
459 3829 526 3866 corr.
545 3812 627 3883 Fopp.
703 3813 896 3866 2urbanornrn
916 3829 948 3867 ex
964 3813 1135 3866 barbarorum
1158 3813 1184 3866 V
1264 3815 1370 3884 3000-

241 3899 299 3952 darn
326 3899 355 3964 V,
375 3916 442 3954 corr.
461 3900 543 3970 Fopp.
650 3901 836 3955 40b1·ubescit
859 3901 889 3966 V,
909 3916 976 3954 corr.
997 3901 1077 3971 Fopp
1155 3886 1370 3972 ¹5onyohitem

240 3986 321 4055 Fopp.
395 3990 427 4043 16
446 3990 610 4058 singulorum
633 3990 663 4052 V,
683 4006 751 4045 corr.
769 3988 849 4059 Fopp.
918 3990 950 4042 19
968 3988 1156 4043 diffinitionem
1179 3988 1205 4042 V
1259 3993 1294 4046 25
1315 3992 1370 4046 dis·

240 4077 340 4145 positos
364 4076 393 4140 V,
413 4077 517 4130 correxi
600 4077 633 4131 28
652 4083 715 4145 post
737 4079 811 4146 parte
830 4076 880 4130 del.
899 4076 935 4129 hu
958 4076 984 4130 V
998 4093 1072 4131 oron.
1090 4082 1106 4131 1
1193 4077 1230 4134 30
1248 4079 1371 4135 hiacinc-

238 4164 340 4217 thinam
364 4165 390 4217 V
