2864 4620
392 285 478 355 spise.
498 283 651 339 ccxxxvr
669 287 685 338 5
704 315 738 323 -
758 281 940 356 cuxxuvm
957 285 982 336 a.
1186 285 1249 348 645

116 483 296 559 Iohannes,
319 479 469 544 Leontius
503 480 535 541 et
566 476 744 541 Mauritius.
794 477 870 540 haec
901 477 1007 540 nostra
1039 479 1088 540 est
1118 472 1293 541 maximat

119 587 348 655 sollicitudinis
376 604 481 662 causa,
507 603 546 648 ne
573 585 689 662 unitas,
722 602 815 664 quam
844 585 948 648 uester
974 583 1063 647 labor
1090 584 1250 665 oratioque

118 695 264 779 perfecit,
295 712 350 776 per
378 691 535 774 inquietos
563 691 706 755 homines
735 689 915 771 dissipetur,
944 693 1103 772 sperantes
1125 690 1158 754 in
1181 690 1249 766 deo,

120 801 209 884 quia,
233 801 260 865 si
284 793 432 880 quidest
454 797 537 880 quod
566 796 668 860 adhuc
691 815 709 860 a
731 796 831 860 totius
859 796 942 861 orbis
969 814 1045 878 Pace
1073 783 1247 871 dissentiat,

81 908 185 972 choo
214 916 340 988 'quoque
376 903 569 968 orationibus
596 902 711 967 uestris
740 902 929 985 apostolicae
957 901 1040 967 sedis
1073 901 1250 966 comunioni

114 1013 271 1078 societur.
316 1011 550 1092 praesumentes
579 1011 683 1072 autem
716 1008 754 1072 de
780 1007 984 1073 beatitudinis
1012 1011 1136 1072 uestrae
1162 1008 1248 1072 beni·
1272 1003 1290 1066 5

118 1119 264 1207 uolentia
298 1120 458 1200 paternam
498 1115 696 1181 dilectionem
735 1114 866 1179 nimium
899 1114 1053 1196 petimus,
1095 1117 1247 1196 quatenus

117 1223 262 1305 reliquiis
279 1226 457 1287 sanctorum
471 1222 684 1304 apostolorum
699 1225 762 1284 tam
777 1240 833 1285 nos
849 1239 941 1302 quarn
959 1220 1122 1284 basilicam
1140 1238 1259 1284 eorum-

119 1331 175 1395 hic
205 1330 238 1394 in
270 1329 362 1394 domo
393 1331 500 1393 nostra
513 1311 586 1391 ‘sub
614 1327 738 1391 nomine
764 1326 995 1409 praedictorum
1022 1326 1247 1390 uenerabilium

64 1457 98 1498 ιο
120 1438 335 1502 constructam
360 1435 520 1500 illustrare
543 1439 574 1498 et
595 1434 771 1499 illuminare
803 1435 889 1516 large
917 1431 1097 1516 dignemini,
1135 1450 1246 1515 cogno·

121 1545 256 1620 scentes,
280 1541 363 1624 quod
386 1541 510 1605 nullum
532 1540 623 1605 nobis
650 1540 752 1605 maius
775 1558 832 1604 nec
850 1557 965 1602 munus
984 1556 1042 1602 nec
1060 1537 1244 1603 beneficium

45 1664 49 1669 ·
118 1650 278 1732 praestare
313 1647 459 1730 potestis,
492 1646 615 1711 domine
644 1646 826 1710 beatissime
857 1649 955 1727 pater,
987 1651 1081 1726 quam
1113 1644 1140 1708 si
1166 1645 1245 1709 hanc

119 1756 262 1819 nostram
274 1745 456 1838 petitionem
472 1752 729 1835 adimpleueritis.
771 1751 875 1816 subito
890 1753 994 1816 autem
1006 1751 1067 1814 iter
1080 1751 1243 1833 arripiente
1268 1745 1286 1810 6

118 1859 280 1944 praedicto
312 1861 424 1943 agente
455 1858 487 1922 in
518 1859 611 1923 rebus
644 1859 739 1923 etism
771 1857 831 1922 duo
855 1857 968 1939 pallios
991 1856 1182 1922 holosericos
1205 1856 1244 1921 ad

65 1988 95 2029 as
121 1968 337 2031 ornamentum
368 1965 475 2029 altaris
507 1967 693 2029 sauctomm
714 1963 926 2046 apostolorum
955 1962 1131 2039 direximus,
1164 1980 1242 2044 quos

117 2071 327 2155 suscipientes
354 2070 580 2136 efficacissimis
594 2070 739 2153 precibus
753 2070 868 2134 uestris
888 2068 986 2132 nostri
1004 2068 1109 2133 iubete
1127 2068 1244 2153 iugiter

117 2177 301 2243 memoriam
323 2177 434 2242 iacere.

626 2263 733 2348 (188.)

358 2406 431 2450 Ius!
452 2406 609 2452 unimus
630 2406 797 2479 ul’lsuonnu
820 2406 1002 2452 iussurum.

67 2536 98 2576 ao
162 2509 207 2574 Ut
233 2509 417 2594 planissima
443 2509 515 2575 fidei
541 2511 692 2592 perfectio
720 2512 861 2595 doctrina
887 2511 1089 2576 beatitudinis
1116 2513 1239 2574 uestrae

116 2615 221 2680 nobis'
236 2613 410 2697 proueniat,
437 2615 551 2679 itemm
578 2615 748 2698 Eulogium
775 2616 879 2680 uirum
907 2619 1068 2680 strenuum
1096 2619 1239 2699 agentem

115 2721 147 2784 in
174 2713 267 2786 rebus
295 2721 381 2788 iuxta
403 2720 479 2784 alias
508 2739 618 2785 causas
647 2721 741 2784 etiam
769 2721 954 2804 hacpropter
980 2721 1156 2800 direximus,
1185 2740 1240 2804 per

115 2845 209 2908 quem
230 2826 322 2892 ualde
344 2824 492 2909 petimus,
516 2829 553 2890 ut
569 2844 625 2908 per
643 2825 746 2890 omnia
763 2845 911 2908 responso
928 2826 1122 2909 apostolatus
1141 2828 1239 2891 uestri

115 2932 375 3014 circuminspecto
409 2935 441 2996 et
468 2931 652 2998 cautissimo
682 2931 714 2995 in
746 2931 939 2998 confessione
968 2933 1138 2999 catholicae
1166 2932 1238 2997 fidei

64 3067 93 3107 ω
114 3037 323 3112 confirmetur.
365 3041 438 3120 post
470 3038 567 3103 semel
598 3039 681 3102 enim
708 3037 819 3103 diuina
848 3038 1061 3104 misericordia
1092 3038 1280 3104 donatam2

114 3143 285 3209 catholicae
308 3143 459 3209 ecclesiae
476 3143 631 3218 unitatem
650 3143 775 3227 quidam
795 3149 939 3210 asserunt
957 3144 1118 3211 Christum
1135 3144 1236 3209 filium

149 3369 161 3423 1
186 3366 328 3424 msn'ricius
354 3369 391 3424 V:
413 3370 562 3424 Maxentius
584 3370 663 3432 Bar,
687 3371 721 3438 cf.
749 3371 827 3425 uocet
848 3389 879 3440 p.
904 3362 964 3426 876
986 3372 1050 3428 adn.
1072 3375 1113 3438 «6;
1140 3365 1234 3439 Lccfs,

109 3457 244 3514 Leontius
263 3473 287 3513 c.
306 3458 420 3528 Byzacia
442 3463 487 3524 (=
509 3459 590 3526 Tacts
611 3475 639 3514 u.
661 3459 899 3530 Uctcrsuedunpen
914 3501 920 3514 .
935 3505 941 3518 .
955 3477 978 3515 e.
1002 3461 1031 3516 0.
1049 3478 1074 3515 o.
1095 3461 1236 3516 Getiecrdt

108 3557 137 3600 se.
155 3546 191 3600 Α.
209 3545 346 3601 Hamuclc
362 3546 489 3617 111112)
503 3565 535 3616 p,
554 3550 614 3602 233
695 3549 760 3616 fort.
778 3551 885 3613 nostras
946 3552 963 3604 3
987 3549 1123 3619 <domino>
1149 3549 1199 3604 deo
1219 3570 1236 3604 α

103 3634 126 3690 ,8
144 3633 256 3688 basilica
276 3632 308 3698 V,
326 3649 393 3689 coer.
413 3632 440 3686 0²
494 3623 643 3702 ilmunus
662 3632 700 3706 p²z
718 3634 856 3696 minnsV
898 3637 930 3690 12
943 3651 981 3705 aq.
994 3636 1049 3691 hac
1062 3640 1154 3692 nostm
1167 3638 1235 3708 peti·

107 3722 186 3776 cione
203 3721 235 3787 V,
249 3737 317 3778 corr.
332 3741 346 3773 ο
383 3723 417 3776 14
428 3721 512 3800 pullio
525 3722 680 3796 solos'eri‘cos
694 3721 725 3787 V,
735 3724 852 3778 correct:
863 3724 947 3793 pallia
957 3725 1052 3779 sericis
1067 3725 1140 3792 Gar,
1152 3727 1236 3798 pallia

89 3809 256 3866 ‘holoserica
274 3808 301 3881 ρ’
321 3809 399 3865 uniet
488 3805 522 3866 14
538 3827 576 3880 sq.
595 3811 629 3865 sd
651 3814 805 3866 ornamento
826 3811 858 3876 V,
881 3813 948 3868 cerr.
972 3811 998 3883 ρ1
1019 3814 1105 3870 Bac:
1122 3814 1234 3870 adorna·

105 3902 198 3953 mento
216 3917 239 3965 c,
258 3898 477 3955 sternumentum
493 3899 562 3972 Car.
618 3902 650 3956 15
669 3916 737 3971 quae
757 3901 821 3955 Ger.
881 3901 914 3955 16
930 3902 1017 3956 nostri
1034 3901 1073 3957 0²:
1090 3905 1189 3959 nostris
1211 3905 1238 3959 V

143 3986 209 4044 18⁸.
263 3976 331 4054 Dat.
351 3988 445 4055 (simul
462 4004 522 4064 cum
539 4004 579 4057 cp.
598 3991 672 4056 224)
689 3987 716 4044 c.
737 3990 791 4042 619
809 3989 852 4052 dic
869 3992 905 4044 15
926 3990 990 4060 Oct,
1004 4007 1056 4059 per
1072 3991 1234 4061 Eudemum

105 4081 220 4144 accepta
237 4075 281 4130 dic
298 4076 336 4130 17
352 4075 451 4142 Nou„
479 4076 553 4136 Edd.
575 4076 638 4131 θον.
657 4075 688 4131 Ρ
710 4078 781 4144 626;
802 4076 908 4132 Collect.
928 4078 1046 4146 -Ooneil.,·
1067 4078 1147 4135 Tls'cl
1165 4083 1231 4136 897.

104 4162 142 4228 22
158 4163 229 4222 hanc
245 4167 387 4235 propterp
434 4160 717 4236 ⁴24'circun1spect'oc
938 4167 942 4176 “
