2864 4620
170 302 272 366 '724‘
346 295 489 350 Hormisda
506 258 656 365 lipipbanio
675 294 797 364 episeopo
817 292 1113 364 Constantinopolitano
1205 367 1207 370 Α

168 492 324 568 indicasti,
368 493 543 575 legatorum
589 509 711 573 quoque
751 508 892 583 meorum
932 490 1100 554 assertione
1143 493 1287 574 cognoui.

169 598 334 662 manifesta
361 598 443 662 enim
470 597 541 662 hine
569 614 720 678 supernae
748 595 977 660 misericordiae
1006 595 1194 661 documenta
1221 617 1288 679 pro·

53 779 54 783 Ἰ
169 705 292 782 duntur,
325 703 446 785 quando
479 706 511 768 et
541 701 690 768 mundani
720 702 875 786 principes
908 721 1017 766 causas
1044 703 1116 766 fidei
1145 722 1218 767 cum
1244 704 1288 768 rei

167 808 311 893 publicae
352 809 542 874 ordinatione
583 809 775 892 coniungunt
810 818 842 873 et
878 808 1079 873 eeclesiarum
1115 811 1286 891 praesules,

169 916 252 999 quod
293 916 331 980 ad
371 915 636 998 dispensationem
677 934 766 979 suam
805 915 951 997 pertinet,
992 915 1087 979 officii
1130 935 1284 981 memores
1312 935 1328 977 ε

166 1026 388 1105 *exsequuntur
411 1022 528 1086 talibus
547 1021 707 1105 indigebat
724 1024 797 1103 post
815 1021 987 1085 discordiae
1006 1023 1158 1104 proeellas
1176 1023 1285 1106 religio

170 1128 345 1194 Christiana
379 1128 562 1206 rectoribus,
600 1127 654 1210 qui
690 1127 877 1213 compressis
912 1127 1043 1210 prouida
1082 1127 1285 1210 dispositione

168 1234 346 1299 turbinibus
375 1235 428 1298 diu
455 1233 681 1318 peregrinatam
705 1252 813 1316 pacem
836 1232 966 1315 depulsa
986 1236 1174 1316 tempestate
1197 1235 1285 1300 redu-

169 1344 275 1405 cerent·
291 1343 323 1405 et
339 1341 371 1404 in
389 1341 495 1406 futura
512 1343 585 1423 post
602 1339 727 1407 saecula
739 1338 890 1422 propositi
905 1339 955 1403 sui
970 1341 1109 1422 exempla
1122 1340 1284 1405 tendentes

168 1446 235 1511 sibi
269 1446 506 1511 adscribendum
547 1445 759 1510 indubitanter
798 1445 1005 1523 ostenderent,
1042 1446 1192 1530 quicquid
1228 1447 1328 1512 deo1=

125 1548 318 1634 2plaeitum
349 1551 466 1634 posteri
496 1570 552 1632 pro
584 1570 641 1615 sua
670 1550 845 1615 imitatione
872 1550 1030 1618 fecissent.
1062 1552 1282 1618 benedicamus

168 1656 272 1734 deum,
300 1657 395 1721 stater
420 1655 593 1732 karissime,
621 1655 735 1723 nostris
763 1657 822 1721 hoe
846 1657 955 1721 diebus
978 1656 1076 1722 fuisse
1100 1677 1283 1723 concessum

168 1765 200 1824 et
221 1762 297 1826 totis
320 1762 494 1826 orationum
517 1764 549 1826 et
570 1781 713 1826 curarum
736 1762 857 1826 uiribus
875 1762 1058 1840 annitamur,
1076 1767 1114 1829 ut
1132 1783 1211 1846 quae
1229 1785 1283 1848 per

168 1867 217 1931 dei
244 1868 342 1933 nostri
365 1887 455 1951 opem
477 1868 555 1933 bens
578 1871 689 1949 coepta
711 1873 795 1945 sunt,
818 1869 886 1951 ipso
911 1868 1078 1933 adiuuante
1101 1889 1157 1951 per
1179 1873 1281 1937 omnia

167 1973 390 2054 compleantur.
418 1974 603 2057 sperandum
630 1975 711 2039 enim
738 1977 796 2051 est,
820 1977 857 2039 ut
879 1974 917 2039 ad
940 1993 1121 2058 compagem
1144 1979 1279 2059 corporis
1295 1993 1313 2034 1⁵

167 2079 217 2143 sui
238 2079 359 2162 reliqua
381 2099 513 2164 qnoque,
537 2099 616 2162 quas
635 2081 736 2145 adhuc
754 2080 857 2145 diuisa
875 2083 957 2155 sunt,
975 2081 1115 2146 membra
1131 2081 1280 2147 festinent

122 2180 198 2247 3et
229 2204 246 2247 a
276 2185 450 2269 potioribus
481 2185 601 2250 minora
631 2203 691 2252 non
724 2186 908 2269 discrepent.
941 2186 980 2249 ad
1012 2187 1095 2269 quod
1126 2206 1199 2252 cum
1230 2208 1278 2253 me

162 2289 289 2355 dileetio
316 2294 372 2356 tua
399 2290 591 2357 Christianae
615 2292 720 2356 studio
745 2292 883 2357 caritatis
906 2293 1057 2370 hortetur,
1082 2293 1175 2358 debet
1198 2295 1277 2377 qnod

159 2394 272 2460 incitat
307 2397 395 2478 sequi
433 2401 463 2462 et
499 2399 583 2479 quod
611 2397 780 2463 amandum
812 2398 923 2462 suadet
954 2399 1111 2480 amplecti.
1144 2400 1276 2464 similem

159 2501 242 2565 enim
264 2501 325 2565 iarn
348 2501 421 2566 fidei
444 2521 549 2569 curam
571 2507 716 2588 gerentes
739 2523 794 2587 por
814 2504 992 2588 religiosam
1015 2504 1199 2586 patientiam
1224 2522 1309 2589 pann

159 2608 254 2671 etiam
276 2607 447 2690 praemium
471 2607 508 2674 de
531 2608 604 2674 boni
627 2609 728 2692 operis
753 2629 914 2692 speramus
933 2610 1056 2675 effectu.
1075 2628 1176 2692 neque
1196 2611 1275 2676 enim

157 2711 397 2779 difficultatibus
425 2716 475 2778 est
501 2714 689 2792 cedendum3
717 2734 777 2780 non
804 2715 956 2800 fatigatur
979 2715 1097 2798 asperis
1119 2715 1198 2781 fides
1222 2736 1274 2782 nee

158 2818 197 2882 ad
224 2818 378 2883 caelorum
408 2819 505 2884 ardua
529 2840 586 2905 per
610 2821 751 2904 procliue
779 2821 976 2888 contenditur·
997 2840 1053 2886 nec
1076 2823 1274 2887 remunerati·

186 3525 203 3588 2
220 3539 258 3592 eq.
271 3523 411 3582 manifeste
426 3525 606 3596 (manifestum
615 3527 636 3592 i)
650 3527 713 3583 hine
727 3527 797 3584 enim
808 3543 866 3598 sup.
881 3528 993 3582 miseric.
1009 3527 1167 3583 documento
1184 3529 1270 3596 (docu-

149 3615 270 3666 mentum
287 3613 308 3676 ἢ
326 3614 484 3683 perdocetur
503 3615 608 3684 quando
627 3616 708 3684 Πίῳ.
762 3616 904 3670 3causam
924 3617 1007 3671 Genea
1061 3615 1272 3687 bpertinentV

151 3703 185 3753 1⁸2
203 3699 278 3755 deum
295 3700 332 3769 V:-
350 3701 484 3762 dominum
494 3703 576 3772 Hispa
614 3704 646 3757 13
659 3719 698 3772 sq.
712 3721 760 3774 per
774 3703 817 3758 dei
830 3705 917 3757 nostri
932 3721 1009 3774 opem
1023 3704 1057 3758 V:
1073 3703 1117 3758 dei
1130 3721 1180 3775 ope
1194 3705 1267 3773 Hisp.

130 3863 131 3866 p
149 3790 183 3844 rs
202 3789 289 3844 urum
306 3791 400 3859 usp:
420 3791 487 3853 asur
512 3792 536 3846 r
615 3793 648 3846 rs
666 3792 789 3847 hortatur
806 3793 887 3862 Hesp.
977 3793 1048 3864 quoa
1065 3793 1168 3847 inuitas
1185 3780 1267 3862 aaa..

147 3895 201 3947 quo
221 3879 322 3932 inuitat
343 3879 421 3934 assez
475 3881 507 3934 19
527 3880 597 3950 quod
615 3881 710 3949 Hesp:
729 3898 779 3938 ons.
803 3881 828 3932 V
902 3882 987 3936 simile
1011 3881 1038 3935 V
1088 3881 1124 3936 20
1141 3898 1179 3951 sq.
1197 3883 1267 3952 paret

148 3982 202 4035 pam
226 3966 252 4020 V
297 3969 330 4022 21
351 3968 447 4021 effectu
469 3968 496 4022 V
541 3969 983 4040 22nouenimtatigatur11isp.
1033 3972 1068 4026 23
1087 3970 1267 4026 conscenditur

151 4054 235 4110 Gerra.
