2864 4620
212 251 276 317 662
446 250 589 306 Hormisda
605 251 782 322 Euphemiam
801 249 945 305 Hormisda
962 251 1111 322 Epiphanio

722 445 831 530 (dib)

256 591 410 636 normann
424 589 572 635 eumn
586 589 760 635 suanense.
808 568 902 635 Orare
916 589 974 635 nos
990 574 1022 635 et
1035 590 1091 654 pro
1104 574 1211 636 uestro
1224 571 1341 638 incolo·

214 679 323 743 mitate
357 677 413 743 dec
447 680 554 743 nostra
581 680 657 742 uota
683 677 863 758 persoluere
891 695 963 741 cum
991 677 1218 742 catholicorum
1247 677 1340 743 etiam

215 788 307 849 coetu
331 784 398 853 sine
421 778 596 849 cessatione
618 783 804 864 pontificum
827 801 885 852 non
910 782 1033 847 uestrae
1052 782 1193 847 studiu'm
1213 783 1340 848 exorati-

215 891 282 955 onis
314 889 431 955 inuitat
462 888 518 955 sed
549 889 701 954 deuotum
732 892 827 972 atque
858 888 1031 971 persistens
1062 888 1095 953 in
1127 889 1376 954 ecclesiastica⁶

170 996 361 1072 2stimulat
397 994 614 1061 conciliatione
651 995 859 1078 propositum.
897 995 968 1076 quis
1001 995 1085 1059 enim
1114 996 1154 1059 ‘ab
1186 995 1342 1060 haeretica

215 1106 400 1188 segregatus
428 1103 657 1184 conspiratione
685 1120 719 1166 se
747 1104 863 1180 teneat,
893 1102 963 1185 quis
992 1101 1062 1166 aliis
1089 1101 1120 1165 in
1150 1121 1207 1167 sua
1234 1105 1342 1167 utatur

215 1208 433 1291 deprecatione
459 1208 631 1291 principiis,
659 1207 721 1273 nisi
748 1209 786 1271 ut
806 1207 899 1273 uobis
924 1208 1187 1290 serenissimoque
1210 1207 1342 1292 principi

214 1314 314 1399 iugali
331 1316 439 1379 nestro
459 1317 491 1379 et
507 1315 577 1401 uita
594 1314 637 1379 sit
653 1313 777 1399 longior
795 1317 828 1379 et
845 1315 883 1378 ad
902 1315 1119 1397 prosperitatis
1139 1317 1342 1399 augmentum

215 1420 316 1505 gratia
343 1419 450 1485 diuina
470 1421 648 1504 proximior,
672 1419 726 1502 qui
748 1413 892 1497 ini<ti>a
913 1420 1016 1485 felicis
1039 1419 1163 1502 imperii
1185 1419 1342 1502 plectendi
1357 1423 1379 1463 1⁰

215 1526 463 1592 execrationibus
487 1526 695 1592 consecrastis
719 1526 831 1591 erroris
855 1528 888 1591 et
910 1525 1043 1591 amicam
1066 1526 1189 1591 diabolo
1213 1525 1343 1608 pacifica

171 1648 198 1711 3¹
215 1628 380 1716 expulistis
419 1632 593 1698 intentione
634 1632 846 1699 discordiam?
913 1632 995 1697 unde
1034 1651 1116 1697 nunc
1157 1632 1249 1698 decet
1284 1651 1342 1697 uos

215 1738 427 1805 laudabilibus
455 1739 575 1821 coeptis
601 1739 747 1804 insistere
775 1741 808 1803 et
827 1758 889 1822 per
915 1742 1019 1804 totum
1042 1738 1149 1803 orbem
1171 1738 1342 1819 perfectam

217 1864 363 1930 spargere
376 1845 573 1922 medicinam,
589 1844 662 1928 quia
676 1843 802 1911 Christo
815 1845 915 1910 maior
927 1863 1076 1910 nnmems
1092 1830 1198 1929 gregis
1218 1843 1343 1908 oblatus

131 2027 132 2030 Ἴ
215 1951 390 2017 mercedem
428 1951 618 2017 confidenter
657 1951 754 2036 exigit
792 1951 968 2036 largiorem.
1008 1951 1091 2015 inter
1132 1969 1210 2033 quae
1251 1968 1343 2015 curae
1361 1951 1382 1990 ¹⁵

216 2061 341 2124 uestram
374 2057 426 2136 sit,
458 2061 496 2123 ut
525 2059 647 2123 nullum
680 2060 805 2123 sanatas
836 2056 1021 2122 iamdudum
1048 2074 1197 2140 personas
1225 2056 1343 2120 uulnus

217 2163 335 2229 afficiat
366 2163 422 2229 sed
454 2163 681 2229 communionis
712 2163 818 2229 unitas
850 2182 999 2248 magnum
1031 2162 1074 2229 sit
1108 2161 1250 2227 iustitiae
1287 2161 1344 2225 im·

174 2271 382 2355 apetrandae
419 2271 613 2354 suffragium.
651 2277 842 2353 quaesumus
878 2288 1022 2352 namque,
1063 2272 1101 2334 ut
1139 2267 1267 2333 tandem
1308 2266 1345 2331 de

217 2376 450 2441 uenerabilibus
477 2376 625 2442 fratribus
653 2384 685 2441 et
708 2375 903 2459 coepiscopis
934 2375 1050 2440 nostris
1073 2374 1167 2440 Helia
1192 2373 1346 2439 Thamate

218 2486 312 2566 atque
339 2481 534 2560 Nicostrato,
560 2482 644 2564 quod
666 2481 915 2548 sactissimorum
941 2500 1094 2547 canonum
1118 2481 1218 2546 dictat
1239 2482 1346 2546 aucto·
1363 2489 1386 2528 ²⁰

216 2589 303 2664 ritas,
327 2589 419 2654 uobis
443 2588 685 2662 decementibus
704 2588 881 2673 impleatur,
905 2606 942 2652 ne
964 2587 1129 2652 uideantur
1147 2589 1185 2651 ut
1203 2589 1347 2651 auctores

219 2694 352 2760 alicuius
389 2694 474 2773 mali,
509 2695 592 2777 quod
628 2695 723 2778 primi
760 2694 800 2759 ad
833 2695 989 2760 unitatem
1029 2693 1113 2758 sedis
1156 2693 1348 2775 apostalicae

219 2786 418 2879 festinarunt,
442 2801 473 2866 in
498 2801 657 2867 communi
678 2801 815 2867 omnium
835 2800 949 2886 gaudio
969 2799 1029 2865 soli
1046 2799 1201 2864 meruisse
1219 2797 1350 2881 percelli

221 2910 255 2979 et
274 2906 306 2972 in
329 2907 411 2974 iacto
435 2907 585 2983 laudabili
606 2907 725 2972 uictam
748 2907 903 2990 personali
926 2906 998 2972 odio
1022 2905 1158 2971 cessisse
1179 2904 1348 2971 iustitiam.

178 3021 197 3084 5
220 3013 336 3078 nostris
360 3033 433 3099 ergo
456 3014 603 3096 precibus
622 3014 705 3098 apud
724 2999 1005 3079 clementissimum
1023 3013 1204 3096 Augustum
1223 3012 1350 3075 uestras
1368 3020 1396 3062 2⁵

221 3118 394 3204 adiungite,
425 3123 463 3187 ut
492 3121 642 3200 fructum,
671 3141 765 3204 quem
791 3120 856 3185 illis
883 3122 1009 3202 patrum
1036 3121 1165 3204 regulae
1191 3117 1289 3182 tribui
1319 3117 1353 3181 et

220 3227 397 3291 conseruari
415 3227 620 3311 praecipiunt,
639 3227 766 3293 inimica
784 3225 1004 3311 tergiuersatio
1023 3225 1143 3290 auferre
1161 3244 1222 3290 non
1235 3222 1352 3305 possit.

254 3413 319 3469 208.
354 3413 422 3469 Dat.
441 3419 473 3468 aa
490 3431 531 3482 ep.
548 3418 617 3470 202.
657 3414 730 3470 Ede.
754 3414 816 3468 Ocr.
835 3413 866 3467 1²
886 3417 947 3480 511;
968 3413 1075 3467 Collect.
1097 3412 1215 3480 Occeil.,·
1232 3413 1317 3466 BTA
1336 3414 1359 3467 I

222 3506 294 3570 434;
314 3502 392 3557 ebul
410 3505 484 3570 8905
501 3502 766 3560 commemorabitur.
777 3502 851 3558 ada.
865 3505 924 3566 519,
936 3505 1000 3556 134.
1037 3487 1157 3556 ΜΠ
1190 3500 1355 3565 tinuiteV,

219 3588 332 3645 cornio2
372 3587 621 3644 breconcilictione
643 3588 706 3644 Car.
747 3590 940 3660 ‘lsegragatus
964 3587 994 3654 V,
1014 3604 1081 3644 corr.
1102 3608 1119 3640 α
1159 3588 1193 3642 10
1210 3587 1292 3641 initia
1312 3587 1354 3645 0²:

219 3679 275 3735 inia
297 3676 324 3732 V
357 3677 388 3730 11
410 3676 570 3731 consecratis
593 3676 623 3741 V,
643 3693 710 3734 corr.
734 3679 796 3733 Car.
839 3679 871 3731 16
891 3677 1006 3732 Satanas
1025 3676 1180 3731 iamdudum
1199 3679 1356 3746 prostratus

219 3767 317 3821 uulnus
340 3764 441 3820 afficiat
464 3764 577 3834 (efficiat
598 3765 661 3820 adit.
683 3768 747 3836 rep.)
775 3766 839 3821 Car.
943 3767 976 3820 17
999 3765 1153 3836 imperandc
1182 3765 1212 3828 V,
1237 3780 1307 3819 corr.
1330 3765 1360 3836 p²

220 3855 255 3909 20
273 3854 512 3910 sacratissimorum
531 3871 549 3904 α
602 3855 635 3908 23
654 3856 785 3908 commoni
807 3855 834 3909 V
