2864 4620
386 283 473 354 Epist.
493 282 662 339 onxxxxn
680 284 975 348 3-ctxxxX1114
1176 276 1243 358 ¹651

120 479 234 545 Oriens
258 477 324 543 siue
348 476 442 542 dubio
466 480 640 555 ueneratur,
664 479 697 542 et
714 479 767 560 qui
789 479 873 562 prior
889 479 922 543 in
942 480 1048 544 eodem
1068 481 1127 547 fuit
1147 502 1245 549 sacer-

120 585 209 651 dotio
240 583 354 648 iniuria
386 602 418 648 se
451 602 520 648 esse
551 585 705 648 remotum
734 584 882 666 queritur.
933 587 1038 650 uisum
1066 591 1114 652 est
1139 589 1288 673 itaque2

121 689 297 767 conuenire,
320 691 358 753 ut
379 708 435 753 uec
461 689 613 754 faciamus
640 690 794 771 impeturn
821 694 928 756 contra
954 691 1144 758 infinitarum
1171 701 1246 762 uota

119 796 362 863 multitudinum
398 798 453 868 ant
484 796 577 860 homo
614 795 793 881 integritate
830 797 944 863 nobilis
977 798 1050 868 sede
1083 800 1244 881 deiciatur,

80 922 185 988 aqua
215 922 249 968 se
281 901 411 986 dignum
443 900 576 979 exhibet,
608 921 665 967 nec
696 903 840 968 anteriori
873 923 960 986 spem
991 924 1118 986 prorsus
1151 907 1247 973 adimi-

118 1011 278 1092 patiamur
299 1007 459 1091 repetendi
480 1008 586 1079 locum
609 1008 721 1086 denuo,
740 1027 801 1090 qno
824 1029 858 1074 se
878 1011 1047 1092 spoliatum
1066 1013 1131 1078 sine
1150 1033 1244 1079 causa

120 1115 293 1192 confirmat,
331 1114 386 1179 sed
421 1114 453 1178 in
484 1133 517 1179 re
554 1114 650 1179 dubia
684 1114 888 1197 temperatius
925 1135 1097 1198 uersemur,
1132 1120 1178 1184 ita
1208 1124 1245 1185 ut

119 1221 246 1286 interim
269 1220 394 1303 quidem
418 1221 470 1285 hic
491 1220 576 1286 idern
594 1221 703 1287 Helias
721 1222 772 1286 uir
788 1224 1059 1297 reuerentissimus
1078 1227 1243 1309 episcopus

119 1329 153 1391 in
182 1327 286 1410 quiete
312 1329 501 1414 permaneat,
528 1346 640 1392 uerum
666 1330 833 1411 postquam
861 1348 1024 1394 successor
1050 1331 1117 1396 eins
1147 1332 1244 1397 uitam

66 1454 96 1494 ro
120 1433 309 1515 deposuerit,
340 1435 409 1516 tum
446 1433 571 1498 demum
603 1434 642 1498 ad
674 1434 779 1498 sedern
814 1437 989 1500 reuertatur
1020 1457 1081 1520 qna
1112 1437 1242 1516 destitit,

119 1538 303 1604 adhibendis
336 1539 423 1622 prius
456 1539 611 1618 omnibus,
645 1559 724 1622 quae
756 1540 794 1605 ad
825 1541 1050 1622 impetrandam
1081 1543 1242 1609 reditionis

117 1645 278 1710 licentiam
306 1645 588 1710 sacratissimarum
610 1647 788 1730 regularum
809 1648 971 1729 postulant
994 1647 1129 1727 definita,
1151 1650 1243 1714 inter·

118 1750 260 1833 ponendo
297 1751 391 1826 etiarn
424 1770 579 1817 consensu
609 1755 674 1818 tam
707 1756 780 1817 tuae
812 1753 896 1817 sedis
927 1754 1117 1836 apostolicae
1150 1772 1243 1839 quam

118 1855 357 1922 florentissimae
370 1847 465 1922 huius
480 1858 566 1924 urbis
581 1877 638 1923 nec
656 1877 716 1922 non
731 1858 872 1937 aliarum,
888 1878 1018 1940 quarum
1031 1861 1090 1925 hoc
1103 1861 1241 1940 interest.

65 1979 99 2027 re⁴
119 1962 157 2027 de
180 1963 300 2029 Thema
327 1963 421 2029 etiam
449 1968 481 2029 et
502 1963 681 2030 Nicostrato
709 1964 785 2029 uiris
811 1964 1058 2048 religiosissimis
1087 1967 1242 2051 episcopis
1265 1966 1284 2028 3

118 2069 222 2133 omnia
243 2069 504 2151 mancipabuntur
527 2070 662 2149 effectui,
685 2072 852 2152 postquam
880 2073 1000 2135 ceterae
1028 2072 1123 2136 etiam
1149 2072 1241 2159 uobis

117 2174 281 2257 copulatae
315 2173 433 2240 fuerint
467 2175 506 2240 ad
537 2176 691 2241 unitatem
731 2176 922 2248 uenerabiles
965 2176 1123 2255 ecclesiae,
1161 2197 1240 2260 quae

116 2281 319 2362 praecedente
363 2301 495 2365 superno
540 2282 695 2365 praesidio
746 2282 909 2346 statuenda
958 2281 1135 2366 duxerimus
1184 2304 1239 2366 pro

117 2387 397 2471 sacratissimarum
433 2387 613 2471 regularum
647 2386 756 2450 itidem
788 2386 902 2451 ordine.
953 2388 1098 2468 qnoniam
1133 2388 1282 2472 itaquel

63 2515 96 2554 ao
117 2494 241 2556 nestrae
263 2510 394 2576 quoque.
411 2492 614 2557 sanctitudini
632 2492 886 2557 deliberationem
906 2497 1042 2558 nostram
1063 2496 1240 2579 oportuerat

116 2596 275 2675 declarari,
298 2602 335 2664 nt
357 2619 393 2665 ex
415 2601 473 2665 hac
497 2599 590 2664 etiarn
612 2599 741 2682 patefiat
763 2598 960 2677 desiderium,
980 2600 1012 2663 in
1035 2620 1095 2682 qno
1115 2613 1238 2666 omnem

116 2722 240 2786 operam
257 2705 450 2771 intendimus
466 2705 504 2770 ad
523 2705 763 2789 compescendas
778 2707 870 2787 atque
884 2706 1100 2788 temperandas
1119 2709 1238 2795 contro·

112 2808 233 2874 uersias
270 2813 302 2876 et
337 2807 476 2895 optatam
509 2811 594 2888 ,inter
629 2828 735 2875 omnes
772 2810 968 2876 concordiam
1001 2812 1235 2895 prorogandam,

111 2918 292 2996 praesentes
329 2935 452 2999 quoqne
486 2918 609 2982 litteras
646 2916 790 2987 duximus
827 2917 1035 2996 destinandas,
1077 2923 1236 2984 monentes

58 3043 92 3084 ae
111 3021 286 3105 praecipue,
309 3026 348 3087 ut
363 3041 419 3106 pro
437 3022 587 3088 incolomi
604 3025 688 3088 statu
711 3022 917 3104 reipublicae
936 3043 1049 3088 numen
1068 3020 1237 3107 supernum

111 3127 226 3192 nestris
250 3131 393 3195 exoretur
414 3130 570 3212 precibus.
615 3129 696 3194 Data
714 3129 784 3193 VII.
803 3128 879 3194 Idus
896 3127 1003 3194 lamias
1022 3128 1237 3198 Constantino·

110 3233 176 3315 poli
197 3233 356 3300 Uitaliano
380 3237 413 3301 et
432 3235 576 3301 Rusticio
600 3251 701 3302 conss.
790 3287 793 3294 i

146 3421 368 3480 emanassent
390 3424 421 3491 V,
440 3442 508 3482 corr.
529 3444 543 3496 ρ
614 3428 630 3481 6
650 3443 701 3498 quo
720 3443 748 3481 se
767 3427 910 3496 spoliatum
932 3425 1010 3480 Oct:
1034 3442 1098 3497 qnos
1117 3427 1235 3496 expolia-

109 3510 168 3563 tum
191 3510 222 3574 V,
245 3512 277 3565 id
298 3512 372 3583 quood
391 3515 422 3568 in
441 3531 492 3584 quo
511 3507 540 3569 se
559 3514 721 3585 expoliatum
739 3515 854 3569 ennean
873 3533 886 3584 p
976 3516 991 3567 7
1010 3515 1202 3585 temperantius
1222 3535 1235 3584 p

111 3597 144 3653 10
162 3615 216 3669 qna
236 3599 327 3656 VVcc'el:
345 3602 408 3672 qnia
431 3602 457 3653 V
501 3605 534 3658 16
551 3604 818 3674 mantipabunturV
870 3606 905 3660 17'
921 3603 955 3657 ad
972 3604 1104 3658 unitatem
1121 3603 1236 3658 Hartet:

108 3688 138 3741 et
156 3687 190 3741 ad
206 3689 339 3744 unitatem
360 3689 391 3755 V,
412 3693 440 3745 et
457 3692 589 3758 adunatae
611 3693 689 3747 roret
744 3693 775 3746 18
794 3693 899 3762 superio
913 3688 950 3757 V,
969 3708 1036 3747 corr.
1054 3690 1082 3743 ο2
1135 3693 1169 3746 23
1188 3710 1234 3764 op·

107 3777 168 3828 tata
189 3776 220 3842 V,
238 3793 340 3832 cor-ao
394 3779 428 3833 26
447 3780 714 3850 constantinopoer
765 3783 799 3835 27
819 3766 883 3835 cons
905 3781 931 3833 V
