2902 4628
462 272 547 341 Epist.
567 270 711 325 CLXXXII
728 271 746 324 4
764 299 798 310 —
818 267 976 323 CLXXXIII
993 269 1018 324 4.
1236 271 1299 334 639

176 487 193 532 a
215 468 272 533 deo
296 467 359 532 sibi
382 467 489 530 datum
513 466 692 548 perueniret
709 463 855 541 ostendit,
875 463 1035 528 sanctitati
1054 465 1159 527 antem
1177 465 1300 527 uestrae

175 593 210 637 er
243 573 391 639 correctis
424 573 461 636 ab
493 572 582 636 initio
615 571 703 656 regni
735 570 802 635 eius
835 574 867 634 et
898 589 998 652 usque
1029 587 1111 634 nuno
1141 569 1301 634 laboribus

176 682 309 744 manime
344 678 568 754 manifestanit,
600 697 654 760 per
690 695 768 758 quos
805 675 909 740 omnia
945 674 1116 742 catholicae
1152 674 1302 739 ecclesiae

177 787 316 851 membra
346 786 377 848 in
409 804 508 848 unum
542 783 658 848 domini
690 786 723 847 et
754 782 920 847 saluatoris
952 781 1051 846 nostri
1081 781 1154 846 Iesu
1187 778 1304 845 Christi

154 911 290 974 rcorpus
320 910 391 955 cum
419 893 561 973 prompto
589 889 701 953 nititur
723 889 825 952 animo
850 888 1046 972 coniungere.
1072 891 1103 951 et
1126 885 1201 970 quid
1224 893 1347 970 opust

181 1002 227 1061 est
259 996 364 1061 uerbis
388 996 436 1067 uti
458 994 597 1078 prolixis,
621 995 696 1077 quia
716 996 809 1059 rebus
833 994 922 1075 ipsis,
945 1009 1134 1075 quamquam
1156 1012 1213 1057 nos
1236 995 1304 1058 ueri

182 1106 277 1168 testes
316 1104 446 1167 existere
482 1101 655 1179 ualeamus,
691 1100 787 1165 habet
817 1103 921 1164 tamen
953 1102 985 1164 et
1017 1103 1123 1164 uestra
1155 1099 1304 1164 sanctitas

184 1210 436 1292 experimentum,
451 1208 535 1290 quod
549 1210 581 1271 et
598 1227 653 1290 per
671 1226 704 1271 ss
722 1208 791 1288 ipsa
809 1205 980 1289 cognouit?
999 1204 1161 1270 confirmat
1179 1205 1306 1288 quidem

185 1313 267 1394 haec,
288 1314 372 1397 quod
392 1317 424 1377 et
441 1332 522 1377 nunc
541 1313 674 1378 additur.
694 1331 765 1377 nam
785 1311 921 1394 quidam,
941 1312 995 1394 qui
1014 1313 1072 1378 snb
1087 1313 1307 1395 potentissima
1330 1309 1349 1372 3

153 1443 172 1480 s
188 1421 249 1485 eius
271 1440 367 1484 manu
391 1424 475 1498 sunt,
497 1416 806 1503 religIosissimorum
830 1417 1026 1485 sacerdotum
1046 1438 1081 1482 ex
1101 1417 1307 1484 Orientalium

187 1527 317 1607 partium
340 1525 526 1610 ¹regionibus
553 1543 661 1606 preces
688 1526 891 1606 porrexerunt
913 1523 1059 1590 docentes
1079 1523 1121 1604 ,de
1143 1524 1204 1602 his,
1228 1543 1307 1606 quae

187 1634 361 1697 noluerunt.
389 1650 446 1696 nec
473 1632 532 1696 hoc
559 1630 656 1711 latere
687 1634 827 1694 nestram
858 1630 968 1695 uolens
999 1631 1200 1696 sanctitatem
1231 1630 1308 1695 bene

187 1736 370 1803 deliberauit
391 1742 438 1814 ut,
462 1736 544 1818 quod
570 1737 634 1800 iam
655 1736 774 1800 factum
797 1738 857 1814 est,
880 1737 911 1801 in
933 1737 1090 1819 praesenti
1112 1736 1311 1800 denuntiaret

185 1847 308 1908 uestrae
332 1842 493 1909 sanctitati
513 1843 608 1924 paulo
630 1844 705 1924 post
727 1840 765 1905 do
784 1860 820 1906 eo
839 1840 889 1906 his
907 1841 1105 1908 manifestius
1124 1841 1309 1926 significare,

145 1970 165 2007 u
185 1953 222 2012 ut
243 1949 403 2014 communi
426 1948 556 2013 consilio
579 1947 783 2030 praecedente
802 1947 942 2012 omnium
960 1947 1085 2013 domino
1105 1950 1137 2012 et
1154 1948 1311 2012 saluators

179 2059 289 2120 nostro
317 2055 391 2119 Iesu
420 2052 543 2119 Christo
572 2071 618 2131 ea,
648 2071 725 2134 quae
753 2051 793 2116 ad
818 2052 991 2118 utilimtem
1018 2071 1216 2117 communem
1240 2069 1311 2117 con·
1389 2086 1391 2091 ·

180 2161 317 2225 ueniunt
348 2163 380 2224 et
411 2158 548 2241 undiquc
586 2161 659 2224 sunt
695 2158 992 2243 inreprehensibilis,
1029 2157 1201 2223 catholicae
1237 2158 1311 2222 fidei

179 2266 430 2332 correctionibus
449 2266 630 2330 clarescant.
651 2266 803 2348 oportune
821 2263 920 2349 igitur
937 2263 1151 2329 existimantes
1170 2244 1311 2329 fraternis
1335 2269 1362 2330 4-

177 2367 299 2437 litteris
327 2376 467 2449 uestram
495 2371 695 2436 sanctitatem
723 2375 756 2435 et
782 2370 952 2436 carissimis
980 2369 1127 2453 alloquiis
1153 2387 1312 2452 rogamus,

117 2489 145 2530 ³⁰
181 2480 223 2539 ut
247 2477 350 2543 maius
379 2480 411 2543 et
436 2477 606 2547 instantius
633 2496 689 2559 pro
715 2476 859 2558 piissimo
882 2475 1021 2560 principe
1043 2479 1150 2542 nostro
1173 2475 1314 2541 omnium

109 2607 111 2612 ·
183 2582 347 2648 dominum
375 2583 469 2648 deum
497 2602 581 2650 orare
609 2583 791 2667 dignemini.
819 2602 944 2648 omnem
970 2583 1002 2647 in
1027 2582 1151 2649 Christo
1174 2582 1314 2646 fraterni·

182 2688 293 2765 tatem,
327 2708 406 2772 qnae
439 2708 511 2754 cum
543 2691 650 2754 uestra
678 2690 728 2755 est
754 2689 932 2770 sanctitate,
962 2708 1020 2774 ego
1048 2707 1174 2772 quoque
1201 2691 1233 2752 et
1260 2687 1314 2769 qui

180 2793 247 2859 mei
268 2796 440 2878 plurimum
464 2797 650 2861 salutamus.
673 2815 713 2859 an
736 2814 932 2872 suanno:
949 2795 1120 2860 Incolomis
1137 2793 1170 2857 in
1189 2792 1314 2858 domino

189 2920 239 2964 ora
262 2920 317 2984 pro
340 2901 441 2979 nobis,
465 2901 608 2966 amabilis
632 2900 690 2965 deo
715 2901 747 2964 et
769 2893 970 2966 sanctissime
993 2901 1098 2967 frater.

220 3091 235 3144 6
254 3091 340 3144 uerbi.
352 3091 383 3155 V,
403 3106 472 3144 corr.
491 3110 505 3143 o
561 3091 624 3160 qnia
642 3090 787 3159 temptaui:
805 3091 852 3160 qni
875 3090 913 3158 V,·
928 3093 1052 3167 sortasse
1068 3095 1134 3159 post
1151 3088 1230 3143 rebus
1248 3088 1315 3158 ipsis

188 3177 282 3246 aliqua
305 3169 470 3244 exaderrmt,
484 3186 573 3248 'neque
595 3179 666 3234 enim
687 3195 781 3234 uereor
798 3196 833 3234 ue
852 3179 1021 3234 adsentimus
1041 3178 1148 3233 Tbiela'o
1167 3177 1319 3231 armenti

190 3269 244 3333 'prro
264 3283 425 3337 quamquam
443 3268 614 3336 interpretem
633 3268 750 3322 dictasse
767 3272 905 3338 tamqnam
923 3285 957 3322 ea
976 3267 1082 3322 Graeco
1101 3266 1146 3330 ὡς’
1211 3265 1244 3320 10
1261 3281 1319 3319 ma·

190 3369 235 3406 uns
258 3355 290 3418 V,
309 3371 377 3409 corr.
396 3373 410 3406 o
449 3357 480 3410 11
501 3357 579 3426 quae]
599 3357 650 3411 boc
666 3357 802 3411 uocabulo
821 3357 921 3411 destmt
938 3356 1038 3411 codicis
1056 3354 1083 3410 V
1096 3354 1146 3423 fol.
1166 3356 1231 3419 137,
1249 3370 1317 3423 pua-

190 3444 272 3496 term'o
291 3444 371 3498 XIX
374 3464 384 3511 ;
403 3445 539 3513 estquod
557 3444 726 3499 adimerat
744 3445 876 3498 librarius
893 3444 992 3512 folium
1005 3442 1126 3508 unicum,
1138 3442 1238 3497 excidit
1255 3458 1320 3511 saep·

187 3529 337 3599 pietamque
346 3532 461 3601 estfolio
472 3534 614 3587 chartaceo
623 3532 832 3587 samaliXVH
841 3534 888 3600 (cf.
900 3533 1005 3601 Proteo.
1016 3547 1076 3601 cap.
1086 3532 1126 3599 1).
1136 3546 1221 3600 quare
1229 3531 1260 3584 tu
1268 3529 1322 3584 bac

185 3625 263 3683 parte
280 3621 417 3689 aequem
434 3621 551 3675 cadmean
569 3640 587 3674 α
651 3622 684 3675 14
702 3637 734 3675 ea
752 3640 777 3686 e,
797 3621 902 3676 correct
965 3620 998 3676 ts
1016 3620 1187 3674 correctionis
1207 3637 1231 3683 α,
1250 3634 1320 3674 corr.

191 3706 249 3760 edit.
267 3725 320 3790 rep,
376 3710 409 3763 19
429 3709 583 3763 clarissimis
598 3728 624 3773 α,
642 3724 710 3764 corr.
724 3709 788 3766 edit.
806 3725 858 3778 reo.
883 3757 885 3762 .
923 3709 1048 3778 alloquiis
1062 3725 1080 3759 α
1098 3712 1162 3762 aute
1178 3719 1321 3761 rasuram:

190 3782 287 3865 alloqui
305 3815 327 3848 o·
344 3802 370 3851 et
387 3802 453 3865 post
473 3813 603 3852 reatuum
626 3814 644 3849 α
732 3798 767 3852 22
790 3798 837 3866 qui
859 3812 910 3852 om.
933 3785 996 3853 Car.
1085 3796 1120 3850 28
1138 3793 1285 3849 incolomes
1304 3812 1322 3846 α
