2864 4620
169 266 234 328 776
648 264 815 334 Appendices

170 475 225 538 pro
243 455 304 520 fide
320 477 375 540 pro
391 457 525 522 ueritate
543 476 599 539 pro
614 457 829 523 communione
846 458 1000 522 catholica
1014 462 1107 540 atque
1124 458 1289 539 apostolica

169 560 343 625 secundum
372 562 596 642 seripturarum
618 562 775 626 tramitem
797 561 1120 644 praedicationemque
1145 563 1289 627 maiorum

169 665 253 730 facta
280 668 378 731 semel
409 667 647 751 congregatione
678 670 853 746 sanxerunt,
884 667 1106 732 inconuulsum
1140 668 1291 733 noluerint

171 772 318 855 deinceps
345 773 534 855 firmumque
561 775 702 837 constare
730 792 786 837 nee
808 773 840 837 in
863 774 921 838 hac
945 773 1053 838 eadem
1077 792 1175 838 causa
1198 773 1290 838 denuo

170 896 249 958 quae
271 877 404 961 praefixa
426 879 550 942 fuerant
571 878 734 943 retractari
752 878 891 960 qualibet
908 879 1023 943 recenti
1041 879 1291 962 praesumptione
1309 899 1318 938 r

124 983 377 1065 spermiserint
411 984 642 1067 sapientissime
678 983 888 1067 peruidentes,
927 985 1073 1065 quoniam
1109 985 1138 1048 si
1175 985 1290 1049 decreta

170 1089 337 1153 salubriter
372 1091 520 1172 cuiquam
555 1091 665 1154 liceret
699 1092 821 1166 iterare,
857 1091 980 1154 nullum
1013 1092 1121 1155 contra
1154 1090 1292 1173 singulos

170 1212 309 1276 quosque
324 1215 452 1277 prorsus
468 1215 584 1261 errores
601 1196 713 1261 stabile
726 1197 909 1278 persisteret
920 1196 1070 1260 ecelesiae
1086 1195 1292 1260 constitutum

168 1318 205 1363 ac
234 1319 355 1382 semper
381 1301 483 1365 isdem
510 1299 668 1365 furoribus
695 1301 842 1365 recidiuis
871 1302 970 1365 omnis
1002 1301 1124 1384 integra
1157 1300 1292 1365 definitio

169 1407 357 1470 turbaretm·.
387 1426 458 1471 nam
487 1407 515 1471 si
537 1406 693 1471 limitibus
717 1406 812 1470 etiam
834 1405 978 1489 praefixis
1000 1406 1175 1489 positarum
1201 1409 1326 1471 semela

168 1511 366 1592 synodalium
398 1513 577 1596 regularum
609 1532 669 1576 nou
701 1517 827 1577 cessant
858 1511 953 1577 elisae
985 1515 1091 1594 pestes
1123 1513 1294 1596 resumptis

167 1617 392 1682 certaminibus
425 1620 533 1682 contra
559 1617 796 1682 fundamentum
825 1637 894 1682 sese
921 1617 1064 1682 ueritatis
1092 1618 1241 1684 attollere
1267 1622 1296 1683 et

168 1723 325 1804 simplicia
348 1742 487 1807 quaeque
511 1722 604 1787 corda
625 1727 797 1805 percutere,
822 1722 897 1806 quid
919 1723 1017 1801 fieret,
1040 1723 1068 1787 si
1091 1724 1229 1788 subinde
1251 1724 1295 1788 ias

168 1832 254 1892 esset
284 1828 411 1910 perfidis
443 1829 520 1892 inire
552 1829 730 1905 concilium,
764 1848 836 1893 cum
864 1828 1022 1910 quaelibet
1047 1828 1103 1892 1113
1129 1829 1296 1894 manifesta

169 1933 211 1998 sit
233 1935 360 2011 ueritas,
384 1954 555 2018 numquam
578 1934 660 1999 desit
683 1934 767 2016 quod
789 1934 963 2015 perniciosa
981 1934 1144 2016 depromat
1161 1935 1295 2006 falsitas,
1311 1955 1329 1994 s

169 2039 230 2102 etsi
256 2039 376 2104 ratione
403 2040 456 2105 uel
483 2040 626 2105 auctorit
637 2043 669 2104 te
696 2038 854 2111 deficiens,
888 2040 956 2104 sola
986 2042 1091 2103 tamen
1122 2039 1296 2104 intentione

123 2151 144 2213 5
168 2163 228 2209 non
252 2146 388 2212 cedens?
412 2166 490 2228 quae
513 2147 646 2211 maiores
668 2145 768 2211 nostri
787 2146 893 2211 diuina
911 2144 1113 2228 inspiratione
1132 2147 1295 2210 sementes

168 2252 343 2316 necessarie
374 2256 610 2334 praecauerunt,
641 2255 679 2317 ut
710 2255 816 2317 contra
852 2269 1101 2333 unamquamque
1138 2250 1296 2315 haeresim

170 2356 254 2437 quod
277 2360 347 2421 acta
370 2358 506 2440 synodus
529 2377 584 2441 pro
607 2356 668 2422 fide
692 2359 907 2423 communione
931 2361 962 2421 et
984 2355 1116 2420 ueritate
1141 2355 1297 2421 cathohca

168 2464 263 2544 atque
291 2465 463 2545 apostolica
488 2465 731 2548 promulgasset,
760 2483 820 2529 non
849 2463 985 2529 sinerent
1006 2462 1098 2527 nouis
1120 2465 1197 2545 post
1219 2462 1295 2526 haec
1310 2485 1331 2526 3

167 2569 439 2634 retractationibus
462 2570 612 2648 mutilari,
637 2589 675 2634 33
698 2570 803 2653 prauis
837 2569 959 2634 occasio
990 2568 1194 2651 praeberetur
1217 2586 1296 2650 quae

167 2673 394 2739 medicinaliter
419 2676 543 2741 fuerant
571 2679 691 2741 statuta
716 2675 872 2758 pulsandi,
896 2675 952 2740 sed
974 2677 1099 2739 auctore
1122 2673 1296 2738 cuiuslibet

166 2778 304 2844 insaniae
336 2800 372 2846 ac
404 2782 518 2864 pariter
551 2801 651 2846 errore
683 2781 827 2846 damnato
860 2780 1004 2847 sufficere
1030 2779 1221 2857 iudicarunt,
1249 2782 1293 2855 ut,

166 2885 300 2969 quisque
346 2887 511 2970 aliquando
556 2888 651 2953 huius
697 2887 807 2953 erroris
849 2887 1095 2952 communicator
1135 2885 1293 2964 existeret,

166 2991 331 3074 principali
354 2995 508 3059 sententia
526 2994 734 3059 damnationis
754 2995 821 3059 eius
841 2997 926 3058 esset
944 2993 1124 3070 obstrictus,
1144 2992 1295 3074 quoniam
1310 3014 1332 3054 3

165 3097 331 3162 manifeste
354 3099 487 3182 quilibet
508 3101 561 3165 uel
583 3100 775 3182 professione
798 3119 855 3164 sua
876 3099 930 3164 331
948 3098 1166 3165 communione
1183 3100 1295 3179 posset

120 3212 142 3274 6
166 3204 305 3285 agnosci.
329 3209 361 3268 et
382 3209 419 3269 ut
440 3206 605 3270 breuitatis
630 3222 724 3270 eausa
747 3205 850 3289 priora
867 3208 1038 3283 taceamus,
1057 3222 1135 3286 quae
1156 3202 1294 3288 diligens

200 3427 399 3498 333133111βὸ
469 3429 556 3483 41333
576 3429 655 3499 quir
672 3429 765 3496 (BA):
784 3444 834 3482 om.
855 3426 885 3498 βό
905 3427 985 3493 (VR)
1040 3425 1177 3494 51113111
1253 3444 1294 3481 re·

164 3515 234 3568 tenti
251 3515 293 3569 s'T
366 3517 638 3587 praesumpsitioncd
728 3516 925 3570 8stabilem2
1014 3512 1296 3584 91133βδ,1113332

163 3601 267 3656 hisdem
287 3604 307 3653 Σ
377 3606 503 3661 recidibis
522 3603 545 3672 β,
566 3605 697 3659 recidebis
716 3603 878 3670 1333111333
901 3605 931 3667 Τ,
950 3600 1098 3670 1331113111,
1119 3602 1256 3658 rediuiuis
1273 3607 1297 3657 ,a

165 3691 198 3744 10
217 3692 240 3744 31
258 3693 388 3751 militibus
407 3693 480 3763 diff,
498 3694 631 3748 similibus
648 3693 672 3747 5²
753 3695 787 3747 14
804 3693 846 3746 1111
863 3692 902 3745 tr
991 3693 1024 3745 15
1047 3690 1228 3760 pernitiosam
1246 3693 1299 3747 ,sp

165 3769 373 3847 1733133311
463 3781 496 3836 18
513 3779 718 3836 necessariaeli
805 3780 919 3834 heresim
941 3779 1020 3850 Qos'T
1035 3779 1100 3845 (B):
1118 3778 1246 3834 heresem
1266 3781 1296 3852 βδ

162 3867 273 3935 (VRA)
364 3870 396 3925 19
415 3871 530 3940 synodus
552 3868 623 3939 ρυβδ
643 3869 764 3937 (VRB):
784 3869 866 3922 semel
884 3868 998 3938 synodus
1017 3866 1134 3938 (synodis
1157 3867 1296 3938 Tyiffl)

161 3954 204 4009 201.
216 3957 328 4011 sinirent
347 3955 417 4027 ρυβδ
488 3958 566 4012 33113
585 3956 616 4027 dd
683 3959 717 4012 23
735 3959 792 4027 pari
810 3954 862 4011 i²T
948 3960 980 4010 31
1000 3953 1078 4026 ροβίε
1096 3958 1147 4008 331
1165 3954 1189 4020 b,
1208 3956 1299 4028 ver

161 4044 198 4097 24
215 4044 390 4099 exaestiretb
453 4043 716 4114 2533313311333111
779 4046 813 4101 26
831 4043 990 4116 333311βδί2
1056 4045 1088 4097 27
1108 4046 1241 4114 cognosci
1258 4046 1301 4101 ir

162 4131 337 4199 prauitatis&
