2864 4620
460 243 546 312 Epist.
566 238 671 298 CCXVI
692 244 708 298 7
727 261 761 283 -’
780 242 900 321 CCXVII
918 248 943 303 5.
1085 200 1088 205 ·
1188 250 1256 316 677

637 436 744 520 (arr.)

120 582 200 627 lm
228 579 395 627 auscitano
424 579 561 626 summ
587 579 626 624 nr
654 579 802 628 IOHANNIS
828 579 1037 626 nrlscoronun
1064 582 1181 630 FELICIS
1211 585 1250 629 E'l'

297 650 440 732 maecum
462 685 661 730 buconouul
682 674 723 730 ΕΤ
744 684 861 730 uuum
882 685 1081 733 PRESBYTERI.

171 790 325 870 Cumwdei
347 788 561 854 misericordia
583 797 646 870 quo
670 784 775 852 ordine
799 791 831 853 et
854 808 916 872 qua
939 791 1062 855 caritela
1080 793 1251 857 communi·

83 918 99 957 s
123 899 270 965 cauimus
296 897 329 961 in
358 893 867 977 ecclesiaConstantinopolitana‚
891 896 954 959 iam
981 896 1012 961 in
1043 897 1113 962 aliis
1135 898 1250 963 litteris

122 1022 182 1087 per
216 1020 344 1068 seruum
382 1003 525 1076 uastum
560 1000 739 1066 Pollionem
775 999 902 1065 directis
942 1008 1049 1066 uestra
1088 1003 1249 1069 beatitudo

107 1108 276 1193 cognouit
302 1111 335 1173 et
361 1107 508 1172 similiter
533 1107 565 1171 iri
588 1104 658 1172 aliis
681 1104 796 1172 litteris
818 1126 890 1172 non·
904 1109 1003 1173 semel
1025 1109 1084 1174 sed
1103 1109 1250 1186 secundo,

124 1212 232 1299 qualia
245 1212 362 1280 aemuli
375 1212 536 1298 religionis
546 1213 687 1278 homines
696 1215 861 1297 temptant,
873 1215 1048 1300 significare
1058 1215 1249 1294 omonimus,

123 1324 163 1386 ut
184 1319 266 1386 nihil
286 1319 330 1392 sit
351 1323 406 1385 aut
429 1323 536 1398 aetum
560 1321 615 1383 ant
637 1319 812 1404 cogitatum
834 1319 911 1397 fieri,
935 1321 1020 1404 quod
1040 1322 1138 1387 lateat
1154 1321 1251 1387 beati-

75 1445 104 1489 ro
123 1425 268 1492 tudinem
291 1429 447 1491 uestram:
471 1428 535 1490 stat
557 1421 721 1490 nobiseum
745 1444 817 1490 cum
841 1425 890 1490 dei
904 1426 1079 1506 adiutorio,
1098 1426 1252 1511 quidquid

122 1530 156 1597 iu
189 1530 535 1615 constantinopolitana
566 1530 698 1596 ecclesia
730 1534 779 1596 est
806 1517 997 1610 ordinatum
1024 1551 1085 1598 non
1111 1533 1251 1598 titubant

126 1637 242 1722 gandta
271 1637 436 1721 spiritalia,
470 1657 549 1721 quae
581 1638 818 1703 celebrauerunt
849 1640 882 1702 et
908 1638 1066 1703 celebrant
1094 1632 1250 1704 catholici.

125 1744 222 1810 eausa
254 1743 467 1809 Antiochenae
504 1743 655 1808 ecclesiae
692 1743 893 1831 ordinationis
934 1763 995 1808 non
1036 1744 1124 1826 nobis
1165 1745 1293 1824 solos2

123 1849 248 1915 labores
260 1849 337 1914 fecit
352 1848 408 1914 sed
421 1848 554 1932 grandes
567 1843 797 1923 tribulationes,
813 1848 886 1930 quia
903 1849 1045 1915 homines
1063 1847 1250 1914 festinantes

77 1975 106 2016 rs
124 1953 384 2038 impedimentum
410 1952 513 2018 facere
542 1952 679 2038 generali
705 1952 820 2018 unitati
843 1951 977 2030 diuersis
1000 1953 1102 2020 modis
1126 1953 1252 2018 diuersa·

124 2059 348 2150 impedimenta
368 2059 520 2126 feceruut.
587 2061 696 2124 nostra
717 2062 784 2123 erat
804 2059 977 2142 proposito
1000 2058 1039 2124 de
1062 2059 1122 2138 his,
1143 2059 1249 2142 quise
1272 2070 1292 2132 3

125 2165 351 2250 suspenderant
381 2165 419 2231 de
451 2165 658 2243 anathemate,
690 2165 722 2229 in
754 2165 912 2248 praedicta
944 2163 1078 2230 ecclesia
1110 2165 1250 2230 ordinare

122 2270 335 2336 sacerdotemt
355 2289 415 2336 non
433 2272 608 2353 posuerunt
625 2273 696 2335 ante
711 2270 824 2334 ‘oeulos
844 2288 919 2335 suos
937 2270 1079 2335 futurum
1097 2270 1250 2336 iudicium

123 2366 227 2462 palam
255 2376 394 2442 dicentes
423 2378 551 2455 ‘omnes
580 2377 634 2459 qui
662 2375 730 2441 sedi
753 2376 944 2459 apostolieae
968 2376 1248 2456 communicabant,

75 2501 106 2547 ac
123 2481 307 2548 Nestoriani-
331 2482 416 2550 sunt'
438 2485 470 2546 et
491 2482 593 2567 magis
616 2482 681 2547 illis
704 2501 765 2551 non
789 2482 899 2548 dobere
923 2482 1055 2558 credere,
1079 2482 1133 2563 qui
1156 2482 1248 2547 modo

124 2585 274 2655 uidentur
295 2587 335 2653 ad
357 2588 609 2662 communionem
632 2588 716 2653 sedis
740 2588 930 2679 apostolicae
952 2587 1103 2653 reuocati.
1175 2589 1250 2670 post
1271 2599 1292 2662 4

125 2695 243 2760 multas
262 2695 445 2761 afflictiones
465 2697 497 2760 et
514 2712 611 2778 paene
628 2695 661 2759 in
679 2697 744 2760 tres
762 2714 885 2767 menaea
903 2715 921 2759 a
938 2694 1080 2778 partibus
1093 2697 1250 2777 protracta

127 2800 297 2866 certamina
318 2800 674 2884 piissimusimperator
692 2819 750 2865 sua
767 2800 952 2873 auctoritate
970 2802 1106 2869 Paulum
1124 2800 1249 2866 nomine

123 2905 342 2990 presbyterum
364 2903 561 2970 deecclesia
583 2895 926 2988 Constantinopolitara
949 2907 1045 2992 elegit
1067 2906 1250 2989 episcopum

75 3034 105 3077 11
120 3006 188 3076 heri
210 3011 252 3074 in·
266 3011 401 3076 ecclesia
422 3011 632 3090 Antiocheno,
657 3011 764 3076 dicem
785 3011 868 3077 inter
890 3012 951 3078 alia
973 3015 1005 3078 et
1026 3013 1086 3077 hoc
1108 3011 1250 3076 testimo-

123 3117 211 3183 nium
235 3115 280 3182 de
306 3117 387 3199 ipso,
416 3117 489 3199 quia
515 3116 638 3182 duobus
665 3116 753 3182 annis
780 3117 813 3182 in
840 3117 1007 3183 Antiochia
1033 3116 1158 3200 positus
1185 3135 1247 3183 non

122 3223 321 3289 mediocriter
347 3223 524 3289 resistebat
558 3222 675 3289 Seuero
711 3223 877 3288 haeretico.
915 3224 1031 3288 similia
1066 3226 1098 3289 et
1138 3227 1247 3288 omnes

123 3319 270 3396 catholici
292 3322 513 3395 consonabant.
538 3329 642 3395 omnia
662 3333 767 3394 tamen
789 3329 853 3393 ista
875 3329 913 3393 de
936 3348 1070 3413 persona
1094 3327 1248 3412 praedicti

121 3435 291 3520 imperator
321 3453 354 3499 se
386 3429 532 3518 promisit
563 3435 602 3499 ad
632 3437 771 3499 uastam
803 3433 1031 3500 beatitudinem
1065 3436 1248 3500 relaturum.

74 3564 104 3607 11
121 3540 239 3605 harum.
263 3542 369 3605 tamen
399 3540 640 3605 tribulationum
671 3539 850 3621 prouideres
882 3542 914 3604 et
945 3540 1023 3606 socii
1055 3543 1088 3604 et
1117 3539 1248 3604 unitatis
1272 3553 1291 3618 5

123 3645 325 3712 eeclesiarum
355 3646 580 3730 impedimenta
609 3645 754 3711 monachi
786 3645 823 3711 de
857 3643 987 3730 Scythia
1017 3646 1160 3711 fuerunt:
1194 3644 1248 3726 qui

155 3852 222 3910 21².
271 3852 340 3907 Dat.
349 3857 427 3922 alep.
437 3855 501 3913 216.
554 3852 627 3907 Edd.
640 3852 702 3907 Cor.
712 3849 743 3907 1²
754 3851 903 3918 5225Bar.
915 3852 954 3906 ud
963 3867 989 3907 a.
1003 3852 1062 3915 519,
1075 3853 1130 3917 85,-
1140 3853 1248 3908 Oolleet.

121 3941 337 4010 caecamur
355 3944 416 3996 err.
459 3944 476 3996 2
493 3927 542 3995 mi
560 3942 591 4005 r,
609 3958 676 3996 corr.
696 3960 714 3993 α
752 3926 844 3997 arrii
863 3941 887 3994 r
921 3941 937 3994 1
957 3939 1127 4011 comicorum
1145 3940 1204 3994 neri
1223 3960 1249 4006 α,

120 4032 269 4103 cogitatum
285 4026 438 4086 faciendum
454 4031 524 4086 Bar.
571 4031 603 4086 13
622 4030 807 4103 antiocean
859 4030 931 4085 solua
950 4029 1048 4083 laboris
1072 4028 1102 4094 V,
1122 4044 1189 4091 corr.
1209 4028 1247 4082 0²:

117 4117 366 4191 rolumlaborelp
404 4119 439 4173 20
458 4119 530 4174 credi
546 4120 654 4174 mauult
675 4119 752 4173 Tbe'el
792 4120 826 4173 25
845 4119 986 4173 antiocena
1007 4116 1033 4170 V
1066 4118 1099 4172 31
1118 4117 1204 4187 scytia
1225 4116 1252 4171 V
