2894 4634
168 273 231 336 568
355 269 587 324 Archimandritae
606 273 656 325 eto.
675 272 768 340 Syriae
787 270 918 326 secundae
936 270 1116 326 Hormisdae·

167 465 235 546 ipse
258 484 330 548 grex
354 482 546 548 cognoscens
569 485 661 530 suum
684 470 850 548 pastorem,
874 467 912 531 ab
935 467 1157 532 immitissimis
1179 466 1291 532 bestiis

166 570 319 635 liberatus
342 574 376 635 et
396 589 508 636 uocem
527 590 663 653 sequens
681 572 826 653 pastoris,
847 572 930 637 sicut
949 573 1094 637 dominus
1113 573 1172 637 ait:
1197 590 1291 637 ones

167 694 275 740 meae
305 695 442 741 nocem
475 696 595 742 meam
628 678 797 742 audiunt
826 683 865 741 et
894 696 966 761 ego
997 697 1195 761 cognosco
1225 697 1292 742 eas

168 785 207 846 et
233 787 459 865 sequuntur
485 802 551 849 me.
588 802 650 848 non
677 802 749 866 ergo
777 782 959 867 despiciatis
990 802 1059 862 nos,
1090 783 1292 861 sanctissimi,

117 886 223 969 loqui
249 906 268 951 a
292 888 404 952 bestiis
434 888 591 953 ferocibus
623 888 752 953 cottidie
782 889 991 953 uulneramur.
1058 891 1098 954 ad
1122 889 1294 972 perfectam
1321 909 1335 948 s

168 998 275 1057 autem
296 993 442 1057 notitiam
459 994 560 1057 uestri
578 993 677 1058 sancti
695 993 800 1076 angeli
816 994 1115 1059 anathematizamus
1132 995 1164 1058 iu
1183 993 1294 1058 eadem

167 1102 275 1163 nostra
289 1097 504 1180 deprecatione
522 1099 672 1162 uirtutem
690 1099 824 1162 habente
842 1101 876 1162 et
891 1099 993 1163 libelli
1010 1119 1117 1164 omnes
1134 1100 1293 1183 proiectos

168 1206 202 1266 et
222 1203 506 1267 excommunicatos
529 1222 547 1266 a
567 1207 676 1266 uestra
701 1196 872 1285 apostolica
900 1205 987 1268 sede:
1024 1204 1158 1268 dicimus
1184 1208 1294 1268 autem

167 1308 360 1382 Nestorium,
384 1309 439 1391 qui
460 1309 524 1372 fuit
541 1308 905 1392 constantinopolitanus
923 1311 1100 1393 episcopus,
1118 1311 1294 1393 Eutychen,

167 1415 355 1479 Dioscorum
387 1419 420 1479 et
448 1415 577 1478 Petrum
603 1415 856 1490 Alexandrinum,
888 1417 942 1496 qui
974 1417 1211 1499 cognominatus
1243 1418 1295 1480 est
1312 1438 1339 1478 ro

167 1520 299 1595 Balbus,
322 1524 355 1585 et
375 1520 515 1598 Petrum,
539 1520 594 1602 qui
616 1521 777 1584 dicebatur
797 1520 899 1595 Fullo,
917 1520 1156 1599 antiochenum,
1177 1522 1294 1586 nihilo

32 1598 41 1627 ³
168 1626 273 1690 miuus
301 1630 334 1690 et
359 1626 521 1701 Acacium,
553 1628 608 1709 qui
637 1627 699 1691 fuit
725 1625 1088 1708 constantinopolitanus
1113 1629 1294 1712 episcopus,

168 1751 277 1797 eorum
303 1733 598 1797 communicatorem
626 1734 659 1795 et
685 1751 803 1809 omnes,
830 1732 885 1815 qui
910 1752 1007 1796 unum
1034 1735 1160 1797 illorum
1186 1734 1294 1798 haere

167 1838 304 1903 tinorum
326 1838 506 1903 defenduut

118 1945 157 2007 ll
210 1962 250 2006 ιιι
277 1962 544 2008 suascamrromrs.
598 1944 664 2026 Ego
691 1942 864 2008 Alexander
890 1944 1103 2008 misericordia
1129 1944 1180 2007 dei
1205 1964 1293 2025 pres·
1311 1964 1335 2006 ι(

167 2048 258 2130 byter
270 2052 303 2113 ot
320 2049 562 2113 archimandrita
575 2050 676 2112 sancti
688 2049 825 2114 hiaronis
838 2051 1023 2132 deprecatus
1037 2069 1117 2113 sum.
1156 2049 1293 2132 Symeon

166 2154 382 2219 misericordia
400 2154 451 2217 dei
466 2155 630 2236 presbyter
644 2158 676 2217 et
689 2137 928 2218 archimandrita
939 2157 977 2218 nt
990 2174 1093 2236 supra.
1136 2154 1293 2218 Iohannes

166 2260 381 2325 misericordia
404 2259 453 2323 dei
476 2260 626 2324 diaconus
649 2263 682 2323 et
703 2260 899 2342 dispeusator
913 2264 952 2323 nt
968 2281 1072 2345 supra.
1116 2262 1292 2342 Procopius

118 2365 380 2430 12misericordia
402 2365 453 2430 dei
473 2366 636 2449 presbyter
657 2368 690 2429 et
710 2366 950 2430 archimandrita
970 2371 1008 2430 ut
1028 2385 1132 2448 supra.
1177 2366 1292 2429 Petrus

167 2472 382 2537 misericordia
409 2470 458 2534 dei
485 2472 649 2554 presbyter
674 2474 711 2535 ut
737 2490 841 2555 supra.
895 2472 1054 2554 Eugenius
1077 2470 1339 2535 misericordiane

169 2577 405 2660 deipresbyter
430 2580 467 2641 ut
493 2596 596 2659 supra
653 2575 802 2642 Geladius
824 2577 1037 2641 misericordia
1058 2577 1108 2640 dei
1129 2576 1294 2658 presbyter

167 2687 332 2765 utsupra
385 2682 506 2746 ansns
531 2682 746 2747 misericordia
768 2679 1001 2764 deipresbyter
1020 2684 1184 2763 utsupra
1228 2681 1292 2745 Re

168 2789 275 2853 mulus
296 2786 512 2853 misericordia
532 2785 583 2850 dei
604 2786 767 2869 presbyter
787 2789 825 2850 ut
846 2804 949 2867 supra
992 2786 1149 2850 Eusebius
1167 2786 1292 2850 miseri·

169 2895 275 2961 cordia
306 2893 357 2958 dei
386 2893 550 2975 presbyter
579 2895 617 2955 ut
647 2910 751 2973 supra
816 2891 961 2954 hlalchus
994 2890 1209 2955 misericordia
1239 2890 1294 2956 dei

167 3000 333 3084 presbyter
358 3001 396 3062 ut
421 3015 524 3080 supra
587 2997 736 3061 Leontius
760 2995 973 3062 misericordia
998 2996 1050 3061 dei
1076 2995 1227 3059 diaconus
1253 3001 1294 3060 ut
1310 3019 1339 3058 as

168 3125 273 3189 supra
314 3103 492 3186 Stephanus
505 3101 720 3166 misericordia
732 3100 782 3165 dei
795 3101 957 3184 presbyter
968 3104 1005 3166 ut
1018 3120 1122 3184 supra
1159 3101 1294 3166 Careias

169 3212 319 3277 diaeonus
346 3213 384 3274 nt
410 3226 514 3289 supra
571 3206 708 3272 Thomas
733 3207 895 3289 presbyter
919 3211 957 3272 ut
982 3227 1087 3291 supra
1140 3207 1296 3273 Samuhel

169 3319 319 3384 haconis
337 3318 496 3395 utsupra
540 3311 721 3378 Theodorus
743 3314 905 3396 presbyter
925 3316 963 3376 ut
983 3332 1087 3397 supra.
1135 3314 1294 3379 Iohannes

168 3420 382 3489 misericordie
404 3418 454 3484 dei
476 3417 640 3502 presbyter
659 3421 697 3482 ut
723 3436 826 3500 supra.
887 3417 1040 3482 Iohannes
1064 3419 1230 3502 presbyter
1254 3423 1296 3484 ut

255 3662 273 3716 e
291 3658 324 3715 er.
342 3657 400 3713 ron.
420 3656 463 3713 ro.
481 3656 500 3711 n
516 3672 557 3727 sq,

204 3787 400 3855 languescens
419 3780 502 3835 licre
520 3793 684 3849 cognmecm
707 3779 737 3837 l',
755 3794 945 3847 mentesanae
993 3780 1145 3835 thebeste
1167 3780 1200 3843 V,
1219 3797 1293 3838 corr.

171 3875 235 3930 Cor.
346 3874 375 3925 et
401 3885 452 3925 nan,
481 3866 546 3921 Ger.
656 3870 720 3921 cete
745 3883 836 3921 omnes
863 3866 914 3921 del.
941 3870 970 3920 et
999 3867 1027 3920 l'
1118 3870 1137 3922 9
1163 3874 1294 3924 westan.

165 3956 421 4033 tiuopoilitanusV
524 3952 649 4009 eutichen
673 3953 697 4006 l’
783 3955 814 4008 11
838 3960 930 4025 petrns
954 3954 983 4013 l‘,
1004 3971 1065 4010 corr
1089 3957 1148 4010 end
1167 3958 1294 4026 Aregelia

170 4053 202 4106 l'l
220 4064 300 4120 supra
318 4065 347 4100 cr:
365 4060 427 4116 epra
450 4042 474 4095 i'
512 4042 547 4098 dd
565 4041 697 4097 ennodius
720 4040 750 4101 l‘.
768 4043 871 4097 cuceri
904 4044 940 4098 tt
957 4043 1063 4098 eunius
1085 4044 1117 4107 Γ,
1134 4060 1203 4098 corr.
1225 4045 1294 4100 Car.

167 4141 203 4196 28
221 4137 364 4193 mondum
387 4132 419 4191 l’.
436 4146 505 4187 corr.
524 4146 539 4199 ρ
