<?xml version="1.0" encoding="UTF-8"?>
<!DOCTYPE html PUBLIC "-//W3C//DTD XHTML 1.0 Transitional//EN"
    "http://www.w3.org/TR/xhtml1/DTD/xhtml1-transitional.dtd">
<html xmlns="http://www.w3.org/1999/xhtml" xml:lang="en" lang="en">
 <head>
  <title>
</title>
<meta http-equiv="Content-Type" content="text/html;charset=utf-8" />
  <meta name='ocr-system' content='tesseract 3.04.00' />
  <meta name='ocr-capabilities' content='ocr_page ocr_carea ocr_par ocr_line ocrx_word'/>
</head>
<body>
  <div class='ocr_page' id='page_1' title='image "./epistulaeimpera00gngoog_0289.png"; bbox 0 0 2864 4620; ppageno 0'>
   <div class='ocr_carea' id='block_1_1' title="bbox 152 276 1127 349">
    <p class='ocr_par' dir='ltr' id='par_1_1' title="bbox 152 276 1127 349">
     <span class='ocr_line' id='line_1_1' title="bbox 152 276 1127 349; baseline -0.004 -14"><span class='ocrx_word' id='word_1_1' title='bbox 152 283 214 347; x_wconf 83' lang='grc'><strong>772</strong></span> <span class='ocrx_word' id='word_1_2' title='bbox 324 278 489 349; x_wconf 78' lang='lat' dir='ltr'><strong>Epiphanius</strong></span> <span class='ocrx_word' id='word_1_3' title='bbox 508 276 718 333; x_wconf 75' lang='lat' dir='ltr'><strong>constantiensis</strong></span> <span class='ocrx_word' id='word_1_4' title='bbox 737 277 769 331; x_wconf 88' lang='lat' dir='ltr'><strong>de</strong></span> <span class='ocrx_word' id='word_1_5' title='bbox 787 277 840 330; x_wconf 90' lang='lat' dir='ltr'><strong>XII</strong></span> <span class='ocrx_word' id='word_1_6' title='bbox 858 279 970 346; x_wconf 87' lang='lat' dir='ltr'><strong>gemmis</strong></span> <span class='ocrx_word' id='word_1_7' title='bbox 987 278 1127 332; x_wconf 88' lang='lat' dir='ltr'><strong>rationalis</strong></span> 
     </span>
    </p>
   </div>
   <div class='ocr_carea' id='block_1_2' title="bbox 68 470 1336 3311">
    <p class='ocr_par' dir='ltr' id='par_1_2' title="bbox 141 470 1283 857">
     <span class='ocr_line' id='line_1_2' title="bbox 151 470 1281 555; baseline 0.001 -18"><span class='ocrx_word' id='word_1_8' title='bbox 151 472 322 550; x_wconf 81' lang='lat' dir='ltr'><strong>aduenerit</strong></span> <span class='ocrx_word' id='word_1_9' title='bbox 351 472 405 555; x_wconf 92' lang='lat' dir='ltr'><strong>qui</strong></span> <span class='ocrx_word' id='word_1_10' title='bbox 432 471 668 537; x_wconf 73' lang='lat' dir='ltr'><strong>abominabatur</strong></span> <span class='ocrx_word' id='word_1_11' title='bbox 695 471 781 537; x_wconf 89' lang='lat' dir='ltr'><strong>idola</strong></span> <span class='ocrx_word' id='word_1_12' title='bbox 806 471 893 536; x_wconf 79' lang='lat' dir='ltr'><strong>iuxta</strong></span> <span class='ocrx_word' id='word_1_13' title='bbox 917 470 1024 537; x_wconf 90' lang='lat' dir='ltr'><strong>diuina</strong></span> <span class='ocrx_word' id='word_1_14' title='bbox 1046 477 1223 555; x_wconf 84' lang='lat' dir='ltr'><strong>praecepte,</strong></span> <span class='ocrx_word' id='word_1_15' title='bbox 1249 477 1281 538; x_wconf 91' lang='lat' dir='ltr'><strong>et</strong></span> 
     </span>
     <span class='ocr_line' id='line_1_3' title="bbox 152 576 1281 664; baseline 0 -21"><span class='ocrx_word' id='word_1_16' title='bbox 152 578 295 661; x_wconf 86' lang='lat' dir='ltr'><strong>quisquis</strong></span> <span class='ocrx_word' id='word_1_17' title='bbox 326 578 521 642; x_wconf 87' lang='lat' dir='ltr'><strong>inueniretur</strong></span> <span class='ocrx_word' id='word_1_18' title='bbox 552 577 691 642; x_wconf 88' lang='lat' dir='ltr'><strong>seruiens</strong></span> <span class='ocrx_word' id='word_1_19' title='bbox 723 577 827 654; x_wconf 89' lang='lat' dir='ltr'><strong>idolis,</strong></span> <span class='ocrx_word' id='word_1_20' title='bbox 859 576 1016 659; x_wconf 86' lang='lat' dir='ltr'><strong>lapidibus</strong></span> <span class='ocrx_word' id='word_1_21' title='bbox 1048 578 1177 644; x_wconf 89' lang='lat' dir='ltr'><strong>iubente</strong></span> <span class='ocrx_word' id='word_1_22' title='bbox 1209 580 1281 664; x_wconf 86' lang='lat' dir='ltr'><strong>lege</strong></span> 
     </span>
     <span class='ocr_line' id='line_1_4' title="bbox 141 683 1283 769; baseline 0 -20"><span class='ocrx_word' id='word_1_23' title='bbox 141 685 329 762; x_wconf 78' lang='lat' dir='ltr'><strong>necabatur,</strong></span> <span class='ocrx_word' id='word_1_24' title='bbox 358 684 498 749; x_wconf 80' lang='lat' dir='ltr'><strong>celeriter</strong></span> <span class='ocrx_word' id='word_1_25' title='bbox 525 703 541 747; x_wconf 94' lang='lat' dir='ltr'><strong>e</strong></span> <span class='ocrx_word' id='word_1_26' title='bbox 569 683 635 748; x_wconf 86' lang='lat' dir='ltr'><strong>suis</strong></span> <span class='ocrx_word' id='word_1_27' title='bbox 665 683 795 748; x_wconf 84' lang='lat' dir='ltr'><strong>excelsis</strong></span> <span class='ocrx_word' id='word_1_28' title='bbox 823 683 1013 748; x_wconf 79' lang='lat' dir='ltr'><strong>culminibus</strong></span> <span class='ocrx_word' id='word_1_29' title='bbox 1040 684 1125 750; x_wconf 85' lang='lat' dir='ltr'><strong>idola</strong></span> <span class='ocrx_word' id='word_1_30' title='bbox 1155 686 1283 769; x_wconf 89' lang='lat' dir='ltr'><strong>propria</strong></span> 
     </span>
     <span class='ocr_line' id='line_1_5' title="bbox 154 788 1283 857; baseline -0.001 -1"><span class='ocrx_word' id='word_1_31' title='bbox 154 792 351 856; x_wconf 89' lang='lat' dir='ltr'><strong>sustulerunt</strong></span> <span class='ocrx_word' id='word_1_32' title='bbox 382 793 414 855; x_wconf 91' lang='lat' dir='ltr'><strong>et</strong></span> <span class='ocrx_word' id='word_1_33' title='bbox 446 790 629 855; x_wconf 87' lang='lat' dir='ltr'><strong>occulerunt</strong></span> <span class='ocrx_word' id='word_1_34' title='bbox 659 789 691 853; x_wconf 91' lang='lat' dir='ltr'><strong>in</strong></span> <span class='ocrx_word' id='word_1_35' title='bbox 723 792 830 854; x_wconf 90' lang='lat' dir='ltr'><strong>monte</strong></span> <span class='ocrx_word' id='word_1_36' title='bbox 864 788 1001 855; x_wconf 80' lang='lat' dir='ltr'><strong>Gerizim</strong></span> <span class='ocrx_word' id='word_1_37' title='bbox 1027 790 1060 854; x_wconf 91' lang='lat' dir='ltr'><strong>in</strong></span> <span class='ocrx_word' id='word_1_38' title='bbox 1087 793 1156 856; x_wconf 93' lang='lat' dir='ltr'><strong>loco</strong></span> <span class='ocrx_word' id='word_1_39' title='bbox 1185 793 1283 857; x_wconf 87' lang='lat' dir='ltr'><strong>nimis</strong></span> 
     </span>
    </p>

    <p class='ocr_par' dir='ltr' id='par_1_3' title="bbox 68 896 1334 2345">
     <span class='ocr_line' id='line_1_6' title="bbox 68 896 1325 980; baseline -0.003 -18"><span class='ocrx_word' id='word_1_40' title='bbox 68 902 131 969; x_wconf 93' lang='grc'><strong>100</strong></span> <span class='ocrx_word' id='word_1_41' title='bbox 154 897 260 963; x_wconf 90' lang='lat' dir='ltr'><strong>abdito</strong></span> <span class='ocrx_word' id='word_1_42' title='bbox 288 899 382 979; x_wconf 86' lang='lat' dir='ltr'><strong>atque</strong></span> <span class='ocrx_word' id='word_1_43' title='bbox 409 898 539 961; x_wconf 88' lang='lat' dir='ltr'><strong>secreto.</strong></span> <span class='ocrx_word' id='word_1_44' title='bbox 567 897 695 961; x_wconf 85' lang='lat' dir='ltr'><strong>fuerunt</strong></span> <span class='ocrx_word' id='word_1_45' title='bbox 722 899 826 961; x_wconf 90' lang='lat' dir='ltr'><strong>autem</strong></span> <span class='ocrx_word' id='word_1_46' title='bbox 852 896 938 961; x_wconf 90' lang='lat' dir='ltr'><strong>idola</strong></span> <span class='ocrx_word' id='word_1_47' title='bbox 963 915 1091 962; x_wconf 89' lang='lat' dir='ltr'><strong>numero</strong></span> <span class='ocrx_word' id='word_1_48' title='bbox 1120 900 1283 980; x_wconf 87' lang='lat' dir='ltr'><strong>quattuor,</strong></span> <span class='ocrx_word' id='word_1_49' title='bbox 1312 918 1325 958; x_wconf 82' lang='lat' dir='ltr'><strong>e</strong></span> 
     </span>
     <span class='ocr_line' id='line_1_7' title="bbox 154 1002 1284 1085; baseline 0.002 -18"><span class='ocrx_word' id='word_1_50' title='bbox 154 1003 249 1069; x_wconf 91' lang='lat' dir='ltr'><strong>sicuti</strong></span> <span class='ocrx_word' id='word_1_51' title='bbox 261 1002 357 1067; x_wconf 90' lang='lat' dir='ltr'><strong>habet</strong></span> <span class='ocrx_word' id='word_1_52' title='bbox 375 1002 502 1085; x_wconf 85' lang='lat' dir='ltr'><strong>antiquo</strong></span> <span class='ocrx_word' id='word_1_53' title='bbox 519 1002 658 1067; x_wconf 88' lang='lat' dir='ltr'><strong>traditio.</strong></span> <span class='ocrx_word' id='word_1_54' title='bbox 678 1021 749 1067; x_wconf 89' lang='lat' dir='ltr'><strong>nam</strong></span> <span class='ocrx_word' id='word_1_55' title='bbox 766 1002 829 1067; x_wconf 90' lang='lat' dir='ltr'><strong>uiri</strong></span> <span class='ocrx_word' id='word_1_56' title='bbox 847 1002 1014 1085; x_wconf 80' lang='lat' dir='ltr'><strong>Babylonii</strong></span> <span class='ocrx_word' id='word_1_57' title='bbox 1031 1003 1122 1067; x_wconf 86' lang='lat' dir='ltr'><strong>deam</strong></span> <span class='ocrx_word' id='word_1_58' title='bbox 1140 1002 1284 1069; x_wconf 87' lang='lat' dir='ltr'><strong>Sochoth</strong></span> 
     </span>
     <span class='ocr_line' id='line_1_8' title="bbox 154 1107 1285 1192; baseline 0 -18"><span class='ocrx_word' id='word_1_59' title='bbox 154 1108 268 1174; x_wconf 85' lang='lat' dir='ltr'><strong>Beuitlr</strong></span> <span class='ocrx_word' id='word_1_60' title='bbox 282 1108 426 1174; x_wconf 87' lang='lat' dir='ltr'><strong>colebant</strong></span> <span class='ocrx_word' id='word_1_61' title='bbox 444 1111 476 1172; x_wconf 90' lang='lat' dir='ltr'><strong>et</strong></span> <span class='ocrx_word' id='word_1_62' title='bbox 492 1107 554 1172; x_wconf 87' lang='lat' dir='ltr'><strong>uiri</strong></span> <span class='ocrx_word' id='word_1_63' title='bbox 569 1107 672 1174; x_wconf 83' lang='lat' dir='ltr'><strong>cuuth</strong></span> <span class='ocrx_word' id='word_1_64' title='bbox 688 1107 777 1173; x_wconf 90' lang='lat' dir='ltr'><strong>deam</strong></span> <span class='ocrx_word' id='word_1_65' title='bbox 789 1107 918 1192; x_wconf 84' lang='lat' dir='ltr'><strong>Nerigel</strong></span> <span class='ocrx_word' id='word_1_66' title='bbox 937 1111 969 1173; x_wconf 89' lang='lat' dir='ltr'><strong>et</strong></span> <span class='ocrx_word' id='word_1_67' title='bbox 986 1108 1047 1172; x_wconf 91' lang='lat' dir='ltr'><strong>uiri</strong></span> <span class='ocrx_word' id='word_1_68' title='bbox 1060 1108 1174 1172; x_wconf 78' lang='lat' dir='ltr'><strong>limeth</strong></span> <span class='ocrx_word' id='word_1_69' title='bbox 1190 1109 1285 1174; x_wconf 92' lang='lat' dir='ltr'><strong>deam</strong></span> 
     </span>
     <span class='ocr_line' id='line_1_9' title="bbox 153 1213 1286 1298; baseline 0.001 -18"><span class='ocrx_word' id='word_1_70' title='bbox 153 1215 297 1280; x_wconf 83' lang='lat' dir='ltr'><strong>Asimath</strong></span> <span class='ocrx_word' id='word_1_71' title='bbox 329 1216 362 1279; x_wconf 90' lang='lat' dir='ltr'><strong>et</strong></span> <span class='ocrx_word' id='word_1_72' title='bbox 391 1214 489 1279; x_wconf 84' lang='lat' dir='ltr'><strong>Euaei</strong></span> <span class='ocrx_word' id='word_1_73' title='bbox 522 1213 611 1279; x_wconf 88' lang='lat' dir='ltr'><strong>deam</strong></span> <span class='ocrx_word' id='word_1_74' title='bbox 642 1213 748 1279; x_wconf 84' lang='lat' dir='ltr'><strong>Nebaz</strong></span> <span class='ocrx_word' id='word_1_75' title='bbox 780 1214 938 1279; x_wconf 82' lang='lat' dir='ltr'><strong>Tharcher</strong></span> <span class='ocrx_word' id='word_1_76' title='bbox 970 1217 1002 1279; x_wconf 90' lang='lat' dir='ltr'><strong>et</strong></span> <span class='ocrx_word' id='word_1_77' title='bbox 1023 1213 1222 1298; x_wconf 85' lang='lat' dir='ltr'><strong>Sapheruim.</strong></span> <span class='ocrx_word' id='word_1_78' title='bbox 1252 1218 1286 1281; x_wconf 89' lang='lat' dir='ltr'><strong>et</strong></span> 
     </span>
     <span class='ocr_line' id='line_1_10' title="bbox 155 1320 1284 1386; baseline 0 0"><span class='ocrx_word' id='word_1_79' title='bbox 155 1323 335 1386; x_wconf 87' lang='lat' dir='ltr'><strong>auerterunt</strong></span> <span class='ocrx_word' id='word_1_80' title='bbox 375 1340 428 1386; x_wconf 91' lang='lat' dir='ltr'><strong>cor</strong></span> <span class='ocrx_word' id='word_1_81' title='bbox 469 1320 734 1386; x_wconf 85' lang='lat' dir='ltr'><strong>Samaritanorum</strong></span> <span class='ocrx_word' id='word_1_82' title='bbox 774 1320 921 1386; x_wconf 90' lang='lat' dir='ltr'><strong>docentes</strong></span> <span class='ocrx_word' id='word_1_83' title='bbox 961 1339 1016 1385; x_wconf 88' lang='lat' dir='ltr'><strong>eos</strong></span> <span class='ocrx_word' id='word_1_84' title='bbox 1057 1320 1096 1385; x_wconf 93' lang='lat' dir='ltr'><strong>ad</strong></span> <span class='ocrx_word' id='word_1_85' title='bbox 1139 1325 1284 1386; x_wconf 91' lang='lat' dir='ltr'><strong>montem</strong></span> 
     </span>
     <span class='ocr_line' id='line_1_11' title="bbox 156 1425 1333 1509; baseline -0.002 -17"><span class='ocrx_word' id='word_1_86' title='bbox 156 1426 280 1493; x_wconf 83' lang='lat' dir='ltr'><strong>Gariuiu</strong></span> <span class='ocrx_word' id='word_1_87' title='bbox 310 1445 407 1492; x_wconf 89' lang='lat' dir='ltr'><strong>orare.</strong></span> <span class='ocrx_word' id='word_1_88' title='bbox 437 1428 633 1509; x_wconf 82' lang='lat' dir='ltr'><strong>quapropter,</strong></span> <span class='ocrx_word' id='word_1_89' title='bbox 655 1425 847 1508; x_wconf 90' lang='lat' dir='ltr'><strong>ubicumque</strong></span> <span class='ocrx_word' id='word_1_90' title='bbox 870 1426 997 1504; x_wconf 84' lang='lat' dir='ltr'><strong>fuerint,</strong></span> <span class='ocrx_word' id='word_1_91' title='bbox 1021 1426 1060 1490; x_wconf 89' lang='lat' dir='ltr'><strong>ad</strong></span> <span class='ocrx_word' id='word_1_92' title='bbox 1081 1429 1224 1491; x_wconf 90' lang='lat' dir='ltr'><strong>montem</strong></span> <span class='ocrx_word' id='word_1_93' title='bbox 1250 1446 1285 1493; x_wconf 87' lang='lat' dir='ltr'><strong>se</strong></span> <span class='ocrx_word' id='word_1_94' title='bbox 1304 1449 1333 1490; x_wconf 79' lang='lat' dir='ltr'><strong>ro</strong></span> 
     </span>
     <span class='ocr_line' id='line_1_12' title="bbox 156 1531 1286 1616; baseline -0.001 -19"><span class='ocrx_word' id='word_1_95' title='bbox 156 1535 374 1598; x_wconf 86' lang='lat' dir='ltr'><strong>conuertentes</strong></span> <span class='ocrx_word' id='word_1_96' title='bbox 398 1533 501 1597; x_wconf 87' lang='lat' dir='ltr'><strong>orarit:</strong></span> <span class='ocrx_word' id='word_1_97' title='bbox 527 1532 634 1614; x_wconf 90' lang='lat' dir='ltr'><strong>quiin</strong></span> <span class='ocrx_word' id='word_1_98' title='bbox 657 1531 773 1596; x_wconf 88' lang='lat' dir='ltr'><strong>oriente</strong></span> <span class='ocrx_word' id='word_1_99' title='bbox 797 1535 881 1610; x_wconf 85' lang='lat' dir='ltr'><strong>suut,</strong></span> <span class='ocrx_word' id='word_1_100' title='bbox 905 1531 943 1596; x_wconf 92' lang='lat' dir='ltr'><strong>ad</strong></span> <span class='ocrx_word' id='word_1_101' title='bbox 966 1531 1160 1598; x_wconf 89' lang='lat' dir='ltr'><strong>occidentem</strong></span> <span class='ocrx_word' id='word_1_102' title='bbox 1183 1533 1286 1616; x_wconf 88' lang='lat' dir='ltr'><strong>respi-</strong></span> 
     </span>
     <span class='ocr_line' id='line_1_13' title="bbox 157 1636 1285 1721; baseline 0.001 -18"><span class='ocrx_word' id='word_1_103' title='bbox 157 1639 245 1704; x_wconf 88' lang='lat' dir='ltr'><strong>ciunt</strong></span> <span class='ocrx_word' id='word_1_104' title='bbox 258 1642 300 1718; x_wconf 87' lang='lat' dir='ltr'><strong>et,</strong></span> <span class='ocrx_word' id='word_1_105' title='bbox 316 1637 369 1721; x_wconf 90' lang='lat' dir='ltr'><strong>qui</strong></span> <span class='ocrx_word' id='word_1_106' title='bbox 383 1640 458 1702; x_wconf 87' lang='lat' dir='ltr'><strong>eunt</strong></span> <span class='ocrx_word' id='word_1_107' title='bbox 471 1638 503 1702; x_wconf 92' lang='lat' dir='ltr'><strong>in</strong></span> <span class='ocrx_word' id='word_1_108' title='bbox 523 1637 693 1715; x_wconf 74' lang='lat' dir='ltr'><strong>oocideute</strong></span> <span class='ocrx_word' id='word_1_109' title='bbox 712 1636 750 1702; x_wconf 91' lang='lat' dir='ltr'><strong>ad</strong></span> <span class='ocrx_word' id='word_1_110' title='bbox 770 1637 921 1703; x_wconf 78' lang='lat' dir='ltr'><strong>orientem</strong></span> <span class='ocrx_word' id='word_1_111' title='bbox 941 1643 982 1716; x_wconf 87' lang='lat' dir='ltr'><strong>et,</strong></span> <span class='ocrx_word' id='word_1_112' title='bbox 1002 1637 1104 1720; x_wconf 92' lang='lat' dir='ltr'><strong>quiin</strong></span> <span class='ocrx_word' id='word_1_113' title='bbox 1123 1638 1285 1720; x_wconf 83' lang='lat' dir='ltr'><strong>aquilone,</strong></span> 
     </span>
     <span class='ocr_line' id='line_1_14' title="bbox 157 1742 1287 1826; baseline 0.001 -17"><span class='ocrx_word' id='word_1_114' title='bbox 157 1744 302 1810; x_wconf 86' lang='lat' dir='ltr'><strong>similiter</strong></span> <span class='ocrx_word' id='word_1_115' title='bbox 340 1743 507 1808; x_wconf 89' lang='lat' dir='ltr'><strong>intendunt</strong></span> <span class='ocrx_word' id='word_1_116' title='bbox 548 1744 587 1808; x_wconf 90' lang='lat' dir='ltr'><strong>ad</strong></span> <span class='ocrx_word' id='word_1_117' title='bbox 626 1742 788 1808; x_wconf 90' lang='lat' dir='ltr'><strong>meridiem</strong></span> <span class='ocrx_word' id='word_1_118' title='bbox 830 1747 871 1821; x_wconf 87' lang='lat' dir='ltr'><strong>et,</strong></span> <span class='ocrx_word' id='word_1_119' title='bbox 908 1744 963 1826; x_wconf 88' lang='lat' dir='ltr'><strong>qui</strong></span> <span class='ocrx_word' id='word_1_120' title='bbox 996 1743 1028 1807; x_wconf 92' lang='lat' dir='ltr'><strong>iu</strong></span> <span class='ocrx_word' id='word_1_121' title='bbox 1064 1743 1205 1823; x_wconf 86' lang='lat' dir='ltr'><strong>meridie,</strong></span> <span class='ocrx_word' id='word_1_122' title='bbox 1246 1745 1287 1810; x_wconf 90' lang='lat' dir='ltr'><strong>ad</strong></span> 
     </span>
     <span class='ocr_line' id='line_1_15' title="bbox 157 1844 1286 1935; baseline 0 -20"><span class='ocrx_word' id='word_1_123' title='bbox 157 1849 334 1935; x_wconf 87' lang='lat' dir='ltr'><strong>aquilonem</strong></span> <span class='ocrx_word' id='word_1_124' title='bbox 351 1849 467 1914; x_wconf 91' lang='lat' dir='ltr'><strong>montis</strong></span> <span class='ocrx_word' id='word_1_125' title='bbox 487 1844 653 1930; x_wconf 84' lang='lat' dir='ltr'><strong>aspiciunt,</strong></span> <span class='ocrx_word' id='word_1_126' title='bbox 671 1852 708 1913; x_wconf 91' lang='lat' dir='ltr'><strong>ut</strong></span> <span class='ocrx_word' id='word_1_127' title='bbox 723 1849 890 1932; x_wconf 77' lang='lat' dir='ltr'><strong>impleatur</strong></span> <span class='ocrx_word' id='word_1_128' title='bbox 908 1848 1071 1931; x_wconf 84' lang='lat' dir='ltr'><strong>scripture,</strong></span> <span class='ocrx_word' id='word_1_129' title='bbox 1091 1868 1170 1931; x_wconf 85' lang='lat' dir='ltr'><strong>quae</strong></span> <span class='ocrx_word' id='word_1_130' title='bbox 1189 1849 1286 1916; x_wconf 84' lang='lat' dir='ltr'><strong>dicit:</strong></span> 
     </span>
     <span class='ocr_line' id='line_1_16' title="bbox 156 1951 1334 2040; baseline -0.003 -19"><span class='ocrx_word' id='word_1_131' title='bbox 156 1957 396 2021; x_wconf 88' lang='lat' dir='ltr'><strong>manserunt</strong></span> <span class='ocrx_word' id='word_1_132' title='bbox 417 1955 618 2020; x_wconf 84' lang='lat' dir='ltr'><strong>facientes</strong></span> <span class='ocrx_word' id='word_1_133' title='bbox 640 1956 768 2040; x_wconf 85' lang='lat' dir='ltr'><strong>legem</strong></span> <span class='ocrx_word' id='word_1_134' title='bbox 792 1951 856 2019; x_wconf 89' lang='lat' dir='ltr'><strong>dei</strong></span> <span class='ocrx_word' id='word_1_135' title='bbox 879 1957 917 2019; x_wconf 90' lang='lat' dir='ltr'><strong>et</strong></span> <span class='ocrx_word' id='word_1_136' title='bbox 935 1954 1150 2020; x_wconf 85' lang='lat' dir='ltr'><strong>adorantes</strong></span> <span class='ocrx_word' id='word_1_137' title='bbox 1168 1955 1288 2021; x_wconf 87' lang='lat' dir='ltr'><strong>idola</strong></span> <span class='ocrx_word' id='word_1_138' title='bbox 1306 1975 1334 2017; x_wconf 80' lang='lat' dir='ltr'><strong>re</strong></span> 
     </span>
     <span class='ocr_line' id='line_1_17' title="bbox 157 2060 1286 2146; baseline 0.001 -20"><span class='ocrx_word' id='word_1_139' title='bbox 157 2062 328 2146; x_wconf 88' lang='lat' dir='ltr'><strong>propria.</strong></span> <span class='ocrx_word' id='word_1_140' title='bbox 362 2081 434 2126; x_wconf 89' lang='lat' dir='ltr'><strong>nam</strong></span> <span class='ocrx_word' id='word_1_141' title='bbox 465 2061 542 2127; x_wconf 87' lang='lat' dir='ltr'><strong>licet</strong></span> <span class='ocrx_word' id='word_1_142' title='bbox 570 2061 643 2144; x_wconf 89' lang='lat' dir='ltr'><strong>ipsi,</strong></span> <span class='ocrx_word' id='word_1_143' title='bbox 676 2061 730 2143; x_wconf 89' lang='lat' dir='ltr'><strong>qui</strong></span> <span class='ocrx_word' id='word_1_144' title='bbox 761 2061 902 2138; x_wconf 78' lang='lat' dir='ltr'><strong>adorant,</strong></span> <span class='ocrx_word' id='word_1_145' title='bbox 927 2061 1072 2145; x_wconf 83' lang='lat' dir='ltr'><strong>ignorent</strong></span> <span class='ocrx_word' id='word_1_146' title='bbox 1099 2060 1226 2127; x_wconf 89' lang='lat' dir='ltr'><strong>occulta</strong></span> <span class='ocrx_word' id='word_1_147' title='bbox 1253 2063 1286 2127; x_wconf 91' lang='lat' dir='ltr'><strong>in</strong></span> 
     </span>
     <span class='ocr_line' id='line_1_18' title="bbox 158 2167 1289 2252; baseline 0 -19"><span class='ocrx_word' id='word_1_148' title='bbox 158 2167 265 2233; x_wconf 85' lang='lat' dir='ltr'><strong>abdito</strong></span> <span class='ocrx_word' id='word_1_149' title='bbox 288 2167 403 2233; x_wconf 90' lang='lat' dir='ltr'><strong>montis</strong></span> <span class='ocrx_word' id='word_1_150' title='bbox 420 2167 515 2246; x_wconf 91' lang='lat' dir='ltr'><strong>idola,</strong></span> <span class='ocrx_word' id='word_1_151' title='bbox 533 2167 730 2252; x_wconf 85' lang='lat' dir='ltr'><strong>impossibile</strong></span> <span class='ocrx_word' id='word_1_152' title='bbox 747 2171 852 2232; x_wconf 88' lang='lat' dir='ltr'><strong>tamen</strong></span> <span class='ocrx_word' id='word_1_153' title='bbox 872 2172 930 2246; x_wconf 76' lang='lat' dir='ltr'><strong>est,</strong></span> <span class='ocrx_word' id='word_1_154' title='bbox 949 2171 986 2232; x_wconf 94' lang='lat' dir='ltr'><strong>ut</strong></span> <span class='ocrx_word' id='word_1_155' title='bbox 1003 2167 1109 2233; x_wconf 89' lang='lat' dir='ltr'><strong>diuina</strong></span> <span class='ocrx_word' id='word_1_156' title='bbox 1126 2167 1289 2252; x_wconf 86' lang='lat' dir='ltr'><strong>scriptura</strong></span> 
     </span>
     <span class='ocr_line' id='line_1_19' title="bbox 156 2273 838 2345; baseline 0 -6"><span class='ocrx_word' id='word_1_157' title='bbox 156 2274 244 2339; x_wconf 87' lang='lat' dir='ltr'><strong>iuxta</strong></span> <span class='ocrx_word' id='word_1_158' title='bbox 263 2274 310 2341; x_wconf 92' lang='lat' dir='ltr'><strong>rei</strong></span> <span class='ocrx_word' id='word_1_159' title='bbox 331 2275 427 2339; x_wconf 85' lang='lat' dir='ltr'><strong>huius</strong></span> <span class='ocrx_word' id='word_1_160' title='bbox 451 2273 636 2339; x_wconf 87' lang='lat' dir='ltr'><strong>senteutiam</strong></span> <span class='ocrx_word' id='word_1_161' title='bbox 659 2273 838 2345; x_wconf 88' lang='lat' dir='ltr'><strong>mentiatur.</strong></span> 
     </span>
    </p>

    <p class='ocr_par' dir='ltr' id='par_1_4' title="bbox 73 2378 1336 3311">
     <span class='ocr_line' id='line_1_20' title="bbox 73 2378 1290 2463; baseline 0.001 -18"><span class='ocrx_word' id='word_1_162' title='bbox 73 2379 133 2446; x_wconf 93' lang='grc'><strong>101</strong></span> <span class='ocrx_word' id='word_1_163' title='bbox 202 2378 317 2446; x_wconf 86' lang='lat' dir='ltr'><strong>Oblata</strong></span> <span class='ocrx_word' id='word_1_164' title='bbox 342 2399 417 2446; x_wconf 90' lang='lat' dir='ltr'><strong>uero</strong></span> <span class='ocrx_word' id='word_1_165' title='bbox 443 2379 534 2445; x_wconf 89' lang='lat' dir='ltr'><strong>nobis</strong></span> <span class='ocrx_word' id='word_1_166' title='bbox 562 2382 611 2445; x_wconf 88' lang='lat' dir='ltr'><strong>est</strong></span> <span class='ocrx_word' id='word_1_167' title='bbox 637 2381 731 2445; x_wconf 90' lang='lat' dir='ltr'><strong>huius</strong></span> <span class='ocrx_word' id='word_1_168' title='bbox 764 2380 967 2463; x_wconf 87' lang='lat' dir='ltr'><strong>expositionis</strong></span> <span class='ocrx_word' id='word_1_169' title='bbox 1000 2379 1122 2445; x_wconf 88' lang='lat' dir='ltr'><strong>occasio</strong></span> <span class='ocrx_word' id='word_1_170' title='bbox 1153 2384 1290 2463; x_wconf 90' lang='lat' dir='ltr'><strong>propter</strong></span> 
     </span>
     <span class='ocr_line' id='line_1_21' title="bbox 159 2484 1335 2569; baseline -0.003 -18"><span class='ocrx_word' id='word_1_171' title='bbox 159 2486 324 2552; x_wconf 87' lang='lat' dir='ltr'><strong>duodecim</strong></span> <span class='ocrx_word' id='word_1_172' title='bbox 350 2485 462 2564; x_wconf 83' lang='lat' dir='ltr'><strong>tribua,</strong></span> <span class='ocrx_word' id='word_1_173' title='bbox 491 2507 570 2569; x_wconf 85' lang='lat' dir='ltr'><strong>quae</strong></span> <span class='ocrx_word' id='word_1_174' title='bbox 596 2487 629 2551; x_wconf 91' lang='lat' dir='ltr'><strong>in</strong></span> <span class='ocrx_word' id='word_1_175' title='bbox 655 2491 760 2552; x_wconf 90' lang='lat' dir='ltr'><strong>monte</strong></span> <span class='ocrx_word' id='word_1_176' title='bbox 790 2486 914 2553; x_wconf 83' lang='lat' dir='ltr'><strong>Gariniu</strong></span> <span class='ocrx_word' id='word_1_177' title='bbox 943 2491 975 2552; x_wconf 89' lang='lat' dir='ltr'><strong>et</strong></span> <span class='ocrx_word' id='word_1_178' title='bbox 996 2486 1028 2552; x_wconf 91' lang='lat' dir='ltr'><strong>in</strong></span> <span class='ocrx_word' id='word_1_179' title='bbox 1051 2489 1157 2552; x_wconf 91' lang='lat' dir='ltr'><strong>monte</strong></span> <span class='ocrx_word' id='word_1_180' title='bbox 1181 2484 1289 2552; x_wconf 82' lang='lat' dir='ltr'><strong>Gebal</strong></span> <span class='ocrx_word' id='word_1_181' title='bbox 1307 2507 1335 2548; x_wconf 83' lang='lat' dir='ltr'><strong>ao</strong></span> 
     </span>
     <span class='ocr_line' id='line_1_22' title="bbox 160 2591 1289 2677; baseline 0.004 -20"><span class='ocrx_word' id='word_1_182' title='bbox 160 2591 317 2658; x_wconf 84' lang='lat' dir='ltr'><strong>ordinatae</strong></span> <span class='ocrx_word' id='word_1_183' title='bbox 345 2595 427 2670; x_wconf 83' lang='lat' dir='ltr'><strong>sunt,</strong></span> <span class='ocrx_word' id='word_1_184' title='bbox 456 2592 551 2657; x_wconf 86' lang='lat' dir='ltr'><strong>sicuti</strong></span> <span class='ocrx_word' id='word_1_185' title='bbox 577 2593 673 2658; x_wconf 89' lang='lat' dir='ltr'><strong>habet</strong></span> <span class='ocrx_word' id='word_1_186' title='bbox 702 2593 773 2677; x_wconf 85' lang='lat' dir='ltr'><strong>ipse</strong></span> <span class='ocrx_word' id='word_1_187' title='bbox 803 2592 925 2656; x_wconf 90' lang='lat' dir='ltr'><strong>numeri</strong></span> <span class='ocrx_word' id='word_1_188' title='bbox 957 2591 1092 2658; x_wconf 91' lang='lat' dir='ltr'><strong>ordinati</strong></span> <span class='ocrx_word' id='word_1_189' title='bbox 1123 2592 1289 2663; x_wconf 90' lang='lat' dir='ltr'><strong>discretio.</strong></span> 
     </span>
     <span class='ocr_line' id='line_1_23' title="bbox 160 2697 1291 2782; baseline 0.003 -21"><span class='ocrx_word' id='word_1_190' title='bbox 160 2697 284 2779; x_wconf 89' lang='lat' dir='ltr'><strong>decepti</strong></span> <span class='ocrx_word' id='word_1_191' title='bbox 311 2701 385 2763; x_wconf 91' lang='lat' dir='ltr'><strong>sunt</strong></span> <span class='ocrx_word' id='word_1_192' title='bbox 410 2697 509 2782; x_wconf 86' lang='lat' dir='ltr'><strong>igitur</strong></span> <span class='ocrx_word' id='word_1_193' title='bbox 534 2699 578 2777; x_wconf 86' lang='lat' dir='ltr'><strong>hi,</strong></span> <span class='ocrx_word' id='word_1_194' title='bbox 602 2698 657 2781; x_wconf 92' lang='lat' dir='ltr'><strong>qui</strong></span> <span class='ocrx_word' id='word_1_195' title='bbox 677 2699 959 2764; x_wconf 89' lang='lat' dir='ltr'><strong>Deuteronomium</strong></span> <span class='ocrx_word' id='word_1_196' title='bbox 981 2717 1041 2763; x_wconf 91' lang='lat' dir='ltr'><strong>nou</strong></span> <span class='ocrx_word' id='word_1_197' title='bbox 1063 2698 1291 2782; x_wconf 86' lang='lat' dir='ltr'><strong>intellegenter</strong></span> 
     </span>
     <span class='ocr_line' id='line_1_24' title="bbox 160 2803 1291 2887; baseline 0.002 -19"><span class='ocrx_word' id='word_1_198' title='bbox 160 2803 339 2881; x_wconf 74' lang='lat' dir='ltr'><strong>aduentum,</strong></span> <span class='ocrx_word' id='word_1_199' title='bbox 369 2807 408 2869; x_wconf 89' lang='lat' dir='ltr'><strong>ut</strong></span> <span class='ocrx_word' id='word_1_200' title='bbox 440 2805 533 2870; x_wconf 88' lang='lat' dir='ltr'><strong>aliam</strong></span> <span class='ocrx_word' id='word_1_201' title='bbox 566 2805 752 2887; x_wconf 83' lang='lat' dir='ltr'><strong>scripturam</strong></span> <span class='ocrx_word' id='word_1_202' title='bbox 784 2805 917 2870; x_wconf 86' lang='lat' dir='ltr'><strong>sibimet</strong></span> <span class='ocrx_word' id='word_1_203' title='bbox 952 2805 1104 2870; x_wconf 85' lang='lat' dir='ltr'><strong>facerent:</strong></span> <span class='ocrx_word' id='word_1_204' title='bbox 1141 2804 1291 2870; x_wconf 87' lang='lat' dir='ltr'><strong>arbitrati</strong></span> 
     </span>
     <span class='ocr_line' id='line_1_25' title="bbox 161 2909 1292 2996; baseline 0.002 -22"><span class='ocrx_word' id='word_1_205' title='bbox 161 2912 237 2974; x_wconf 88' lang='lat' dir='ltr'><strong>suut</strong></span> <span class='ocrx_word' id='word_1_206' title='bbox 267 2910 349 2976; x_wconf 91' lang='lat' dir='ltr'><strong>enim</strong></span> <span class='ocrx_word' id='word_1_207' title='bbox 380 2914 528 2990; x_wconf 82' lang='lat' dir='ltr'><strong>montem,</strong></span> <span class='ocrx_word' id='word_1_208' title='bbox 557 2911 611 2993; x_wconf 91' lang='lat' dir='ltr'><strong>qui</strong></span> <span class='ocrx_word' id='word_1_209' title='bbox 638 2912 806 2996; x_wconf 84' lang='lat' dir='ltr'><strong>contiguus</strong></span> <span class='ocrx_word' id='word_1_210' title='bbox 833 2915 882 2976; x_wconf 88' lang='lat' dir='ltr'><strong>est</strong></span> <span class='ocrx_word' id='word_1_211' title='bbox 908 2910 1050 2994; x_wconf 88' lang='lat' dir='ltr'><strong>Neapoli,</strong></span> <span class='ocrx_word' id='word_1_212' title='bbox 1078 2909 1162 2975; x_wconf 87' lang='lat' dir='ltr'><strong>sicut</strong></span> <span class='ocrx_word' id='word_1_213' title='bbox 1189 2929 1292 2995; x_wconf 89' lang='lat' dir='ltr'><strong>supra</strong></span> 
     </span>
     <span class='ocr_line' id='line_1_26' title="bbox 160 3014 1336 3099; baseline -0.003 -19"><span class='ocrx_word' id='word_1_214' title='bbox 160 3014 339 3095; x_wconf 85' lang='lat' dir='ltr'><strong>retulimus,</strong></span> <span class='ocrx_word' id='word_1_215' title='bbox 362 3015 445 3082; x_wconf 90' lang='lat' dir='ltr'><strong>huno</strong></span> <span class='ocrx_word' id='word_1_216' title='bbox 468 3035 535 3082; x_wconf 87' lang='lat' dir='ltr'><strong>esse</strong></span> <span class='ocrx_word' id='word_1_217' title='bbox 560 3015 695 3095; x_wconf 72' lang='lat' dir='ltr'><strong>(tulitin,</strong></span> <span class='ocrx_word' id='word_1_218' title='bbox 719 3017 773 3099; x_wconf 90' lang='lat' dir='ltr'><strong>qui</strong></span> <span class='ocrx_word' id='word_1_219' title='bbox 795 3017 889 3082; x_wconf 87' lang='lat' dir='ltr'><strong>nimis</strong></span> <span class='ocrx_word' id='word_1_220' title='bbox 913 3017 996 3082; x_wconf 87' lang='lat' dir='ltr'><strong>altus</strong></span> <span class='ocrx_word' id='word_1_221' title='bbox 1019 3018 1083 3095; x_wconf 86' lang='lat' dir='ltr'><strong>est;</strong></span> <span class='ocrx_word' id='word_1_222' title='bbox 1107 3015 1159 3080; x_wconf 90' lang='lat' dir='ltr'><strong>cui</strong></span> <span class='ocrx_word' id='word_1_223' title='bbox 1187 3016 1288 3084; x_wconf 88' lang='lat' dir='ltr'><strong>etiam</strong></span> <span class='ocrx_word' id='word_1_224' title='bbox 1308 3035 1336 3077; x_wconf 80' lang='lat' dir='ltr'><strong>u</strong></span> 
     </span>
     <span class='ocr_line' id='line_1_27' title="bbox 162 3119 1291 3206; baseline 0.002 -21"><span class='ocrx_word' id='word_1_225' title='bbox 162 3121 217 3204; x_wconf 90' lang='lat' dir='ltr'><strong>qui</strong></span> <span class='ocrx_word' id='word_1_226' title='bbox 238 3121 361 3188; x_wconf 86' lang='lat' dir='ltr'><strong>locatus</strong></span> <span class='ocrx_word' id='word_1_227' title='bbox 385 3141 421 3188; x_wconf 89' lang='lat' dir='ltr'><strong>er</strong></span> <span class='ocrx_word' id='word_1_228' title='bbox 443 3122 574 3188; x_wconf 89' lang='lat' dir='ltr'><strong>aduerso</strong></span> <span class='ocrx_word' id='word_1_229' title='bbox 598 3126 656 3200; x_wconf 90' lang='lat' dir='ltr'><strong>est,</strong></span> <span class='ocrx_word' id='word_1_230' title='bbox 681 3143 774 3206; x_wconf 87' lang='lat' dir='ltr'><strong>quem</strong></span> <span class='ocrx_word' id='word_1_231' title='bbox 798 3123 998 3205; x_wconf 87' lang='lat' dir='ltr'><strong>suspicantur</strong></span> <span class='ocrx_word' id='word_1_232' title='bbox 1020 3140 1090 3187; x_wconf 89' lang='lat' dir='ltr'><strong>esse</strong></span> <span class='ocrx_word' id='word_1_233' title='bbox 1113 3119 1226 3200; x_wconf 69' lang='lat' dir='ltr'><strong>(lebat</strong></span> <span class='ocrx_word' id='word_1_234' title='bbox 1255 3125 1291 3187; x_wconf 91' lang='lat' dir='ltr'><strong>et</strong></span> 
     </span>
     <span class='ocr_line' id='line_1_28' title="bbox 160 3226 1290 3311; baseline 0.003 -20"><span class='ocrx_word' id='word_1_235' title='bbox 160 3226 229 3310; x_wconf 88' lang='lat' dir='ltr'><strong>ipse</strong></span> <span class='ocrx_word' id='word_1_236' title='bbox 264 3227 464 3293; x_wconf 89' lang='lat' dir='ltr'><strong>uehementer</strong></span> <span class='ocrx_word' id='word_1_237' title='bbox 500 3231 640 3294; x_wconf 82' lang='lat' dir='ltr'><strong>excelsus</strong></span> <span class='ocrx_word' id='word_1_238' title='bbox 679 3235 736 3296; x_wconf 89' lang='lat' dir='ltr'><strong>est.</strong></span> <span class='ocrx_word' id='word_1_239' title='bbox 775 3229 890 3294; x_wconf 87' lang='lat' dir='ltr'><strong>Sicima</strong></span> <span class='ocrx_word' id='word_1_240' title='bbox 928 3228 1043 3311; x_wconf 88' lang='lat' dir='ltr'><strong>quippe</strong></span> <span class='ocrx_word' id='word_1_241' title='bbox 1082 3228 1163 3292; x_wconf 88' lang='lat' dir='ltr'><strong>iuter</strong></span> <span class='ocrx_word' id='word_1_242' title='bbox 1205 3227 1290 3294; x_wconf 88' lang='lat' dir='ltr'><strong>duce</strong></span> 
     </span>
    </p>
   </div>
   <div class='ocr_carea' id='block_1_3' title="bbox 139 3467 1293 3621">
    <p class='ocr_par' dir='ltr' id='par_1_5' title="bbox 139 3467 1293 3621">
     <span class='ocr_line' id='line_1_29' title="bbox 250 3467 1293 3540; baseline 0.003 -17"><span class='ocrx_word' id='word_1_243' title='bbox 250 3469 268 3524; x_wconf 90' lang='grc'>6</span> <span class='ocrx_word' id='word_1_244' title='bbox 290 3467 323 3522; x_wconf 87' lang='lat' dir='ltr'><strong>cf.</strong></span> <span class='ocrx_word' id='word_1_245' title='bbox 341 3467 426 3537; x_wconf 83' lang='lat' dir='ltr'><strong>Regu.</strong></span> <span class='ocrx_word' id='word_1_246' title='bbox 445 3467 481 3521; x_wconf 90' lang='lat' dir='ltr'><strong>IV</strong></span> <span class='ocrx_word' id='word_1_247' title='bbox 502 3469 543 3533; x_wconf 82' lang='lat'><strong>17,</strong></span> <span class='ocrx_word' id='word_1_248' title='bbox 561 3469 595 3524; x_wconf 85' lang='grc'><strong>30</strong></span> <span class='ocrx_word' id='word_1_249' title='bbox 614 3486 653 3539; x_wconf 91' lang='lat' dir='ltr'><strong>sq.</strong></span> <span class='ocrx_word' id='word_1_250' title='bbox 744 3470 776 3525; x_wconf 81' lang='lat'><strong>15</strong></span> <span class='ocrx_word' id='word_1_251' title='bbox 798 3469 863 3524; x_wconf 85' lang='lat' dir='ltr'><strong>ibid.</strong></span> <span class='ocrx_word' id='word_1_252' title='bbox 882 3471 916 3524; x_wconf 87' lang='grc'><strong>41</strong></span> <span class='ocrx_word' id='word_1_253' title='bbox 1006 3469 1040 3524; x_wconf 81' lang='grc'><strong>22</strong></span> <span class='ocrx_word' id='word_1_254' title='bbox 1062 3470 1159 3540; x_wconf 86' lang='lat' dir='ltr'><strong>respici</strong></span> <span class='ocrx_word' id='word_1_255' title='bbox 1175 3469 1293 3526; x_wconf 86' lang='lat' dir='ltr'><strong>uidetur</strong></span> 
     </span>
     <span class='ocr_line' id='line_1_30' title="bbox 139 3556 421 3621; baseline 0 -10"><span class='ocrx_word' id='word_1_256' title='bbox 139 3577 142 3583; x_wconf 94' lang='lat'>·</span> <span class='ocrx_word' id='word_1_257' title='bbox 161 3556 308 3611; x_wconf 87' lang='lat' dir='ltr'><strong>Deuteron.</strong></span> <span class='ocrx_word' id='word_1_258' title='bbox 327 3557 368 3621; x_wconf 89' lang='lat'><strong>11,</strong></span> <span class='ocrx_word' id='word_1_259' title='bbox 386 3556 421 3611; x_wconf 88' lang='grc'><strong>30</strong></span> 
     </span>
    </p>
   </div>
   <div class='ocr_carea' id='block_1_4' title="bbox 163 3682 1403 4234">
    <p class='ocr_par' dir='ltr' id='par_1_6' title="bbox 163 3682 1403 4234">
     <span class='ocr_line' id='line_1_31' title="bbox 200 3682 1294 3793; baseline 0.004 -16"><span class='ocrx_word' id='word_1_260' title='bbox 200 3723 297 3792; x_wconf 74' lang='lat' dir='ltr'><strong>ilfurt.</strong></span> <span class='ocrx_word' id='word_1_261' title='bbox 311 3723 448 3778; x_wconf 86' lang='lat' dir='ltr'><strong>necabitur</strong></span> <span class='ocrx_word' id='word_1_262' title='bbox 482 3725 663 3779; x_wconf 80' lang='lat' dir='ltr'><strong>‹tocculerunt</strong></span> <span class='ocrx_word' id='word_1_263' title='bbox 680 3725 720 3778; x_wconf 82' lang='lat' dir='ltr'><strong>sic</strong></span> <span class='ocrx_word' id='word_1_264' title='bbox 737 3724 763 3776; x_wconf 89' lang='lat' dir='ltr'><em>V</em></span> <span class='ocrx_word' id='word_1_265' title='bbox 795 3726 867 3793; x_wconf 75' lang='lat' dir='ltr'><strong>tuq.</strong></span> <span class='ocrx_word' id='word_1_266' title='bbox 886 3724 987 3779; x_wconf 90' lang='lat' dir='ltr'><strong>sochon</strong></span> <span class='ocrx_word' id='word_1_267' title='bbox 1007 3682 1090 3779; x_wconf 77' lang='lat' dir='ltr'><strong>berith</strong></span> <span class='ocrx_word' id='word_1_268' title='bbox 1114 3724 1139 3777; x_wconf 89' lang='lat' dir='ltr'><strong><em>V</em></strong></span> <span class='ocrx_word' id='word_1_269' title='bbox 1172 3725 1294 3781; x_wconf 69' lang='lat' dir='ltr'><strong>ideam</strong></span> 
     </span>
     <span class='ocr_line' id='line_1_32' title="bbox 163 3811 1295 3885; baseline 0.003 -19"><span class='ocrx_word' id='word_1_270' title='bbox 163 3811 275 3882; x_wconf 78' lang='lat' dir='ltr'><strong>Nerigel</strong></span> <span class='ocrx_word' id='word_1_271' title='bbox 288 3812 386 3881; x_wconf 66' lang='lat' dir='ltr'><strong>Fopya</strong></span> <span class='ocrx_word' id='word_1_272' title='bbox 405 3811 438 3865; x_wconf 92' lang='lat' dir='ltr'><strong>de</strong></span> <span class='ocrx_word' id='word_1_273' title='bbox 456 3812 592 3881; x_wconf 87' lang='lat' dir='ltr'><strong>annerigel</strong></span> <span class='ocrx_word' id='word_1_274' title='bbox 610 3812 646 3880; x_wconf 61' lang='grc'><strong>11,·</strong></span> <span class='ocrx_word' id='word_1_275' title='bbox 663 3811 755 3885; x_wconf 54' lang='lat' dir='ltr'><strong>&#39;nmen</strong></span> <span class='ocrx_word' id='word_1_276' title='bbox 769 3830 823 3876; x_wconf 80' lang='lat' dir='ltr'><strong>err,</strong></span> <span class='ocrx_word' id='word_1_277' title='bbox 842 3812 941 3883; x_wconf 84' lang='lat' dir='ltr'><strong>Nergel</strong></span> <span class='ocrx_word' id='word_1_278' title='bbox 959 3812 1081 3882; x_wconf 66' lang='lat' dir='ltr'><strong>Vulcata</strong></span> <span class='ocrx_word' id='word_1_279' title='bbox 1132 3812 1234 3867; x_wconf 78' lang='lat' dir='ltr'><strong>Emath</strong></span> <span class='ocrx_word' id='word_1_280' title='bbox 1247 3831 1295 3870; x_wconf 86' lang='lat' dir='ltr'><strong>re-</strong></span> 
     </span>
     <span class='ocr_line' id='line_1_33' title="bbox 163 3899 1403 3972; baseline 0.002 -18"><span class='ocrx_word' id='word_1_281' title='bbox 163 3900 243 3954; x_wconf 79' lang='lat' dir='ltr'><strong>stitui</strong></span> <span class='ocrx_word' id='word_1_282' title='bbox 257 3900 403 3956; x_wconf 75' lang='lat' dir='ltr'><strong>secundom</strong></span> <span class='ocrx_word' id='word_1_283' title='bbox 420 3900 568 3969; x_wconf 66' lang='lat' dir='ltr'><strong>Valentem</strong></span> <span class='ocrx_word' id='word_1_284' title='bbox 587 3899 687 3972; x_wconf 69' lang='lat' dir='ltr'><strong>(napae</strong></span> <span class='ocrx_word' id='word_1_285' title='bbox 705 3905 776 3967; x_wconf 71' lang='lat' dir='ltr'><strong>nm:</strong></span> <span class='ocrx_word' id='word_1_286' title='bbox 796 3901 886 3955; x_wconf 88' lang='lat' dir='ltr'><strong>etham</strong></span> <span class='ocrx_word' id='word_1_287' title='bbox 901 3901 928 3954; x_wconf 92' lang='lat' dir='ltr'><strong><em>V</em></strong></span> <span class='ocrx_word' id='word_1_288' title='bbox 976 3900 1045 3954; x_wconf 89' lang='lat' dir='ltr'><strong>8de</strong></span> <span class='ocrx_word' id='word_1_289' title='bbox 1063 3917 1139 3954; x_wconf 89' lang='lat' dir='ltr'><strong>amne</strong></span> <span class='ocrx_word' id='word_1_290' title='bbox 1156 3900 1209 3955; x_wconf 83' lang='lat' dir='ltr'><strong>ban</strong></span> <span class='ocrx_word' id='word_1_291' title='bbox 1228 3902 1296 3957; x_wconf 88' lang='lat' dir='ltr'><strong>thar</strong></span> <span class='ocrx_word' id='word_1_292' title='bbox 1400 3917 1403 3926; x_wconf 92' lang='grc'><strong><em>·</em></strong></span> 
     </span>
     <span class='ocr_line' id='line_1_34' title="bbox 165 3987 1296 4061; baseline 0.002 -19"><span class='ocrx_word' id='word_1_293' title='bbox 165 3987 229 4042; x_wconf 85' lang='lat' dir='ltr'><strong>char</strong></span> <span class='ocrx_word' id='word_1_294' title='bbox 236 3987 327 4061; x_wconf 76' lang='grc' dir='ltr'>7(την</span> <span class='ocrx_word' id='word_1_295' title='bbox 337 3987 534 4058; x_wconf 59' lang='lat' dir='ltr'><strong>corporaretur</strong></span> <span class='ocrx_word' id='word_1_296' title='bbox 544 3988 651 4058; x_wconf 65' lang='lat' dir='ltr'><strong>tepere</strong></span> <span class='ocrx_word' id='word_1_297' title='bbox 661 4005 708 4042; x_wconf 83' lang='lat' dir='ltr'><strong>cxx</strong></span> <span class='ocrx_word' id='word_1_298' title='bbox 717 3988 773 4042; x_wconf 83' lang='lat' dir='ltr'><strong>cod.</strong></span> <span class='ocrx_word' id='word_1_299' title='bbox 784 3989 871 4052; x_wconf 66' lang='lat' dir='ltr'><strong>Alex„</strong></span> <span class='ocrx_word' id='word_1_300' title='bbox 880 3988 906 4042; x_wconf 92' lang='lat' dir='ltr'>N</span> <span class='ocrx_word' id='word_1_301' title='bbox 909 3988 1007 4042; x_wconf 82' lang='lat' dir='ltr'><strong>ababuc</strong></span> <span class='ocrx_word' id='word_1_302' title='bbox 1017 3992 1045 4042; x_wconf 90' lang='lat' dir='ltr'><strong>et</strong></span> <span class='ocrx_word' id='word_1_303' title='bbox 1054 3987 1189 4042; x_wconf 86' lang='lat' dir='ltr'><strong>Tharthac</strong></span> <span class='ocrx_word' id='word_1_304' title='bbox 1199 3987 1276 4059; x_wconf 72' lang='lat' dir='ltr'><strong>Vulq</strong></span> <span class='ocrx_word' id='word_1_305' title='bbox 1286 3991 1296 4060; x_wconf 90' lang='lat'>)</span> 
     </span>
     <span class='ocr_line' id='line_1_35' title="bbox 167 4074 1302 4150; baseline 0.003 -21"><span class='ocrx_word' id='word_1_306' title='bbox 167 4074 324 4144; x_wconf 83' lang='lat' dir='ltr'><strong>Sapharuim</strong></span> <span class='ocrx_word' id='word_1_307' title='bbox 336 4076 433 4144; x_wconf 67' lang='lat' dir='ltr'><strong>scepei</strong></span> <span class='ocrx_word' id='word_1_308' title='bbox 447 4077 636 4150; x_wconf 73' lang='lat' dir='ltr'><strong>(etppcpoourp</strong></span> <span class='ocrx_word' id='word_1_309' title='bbox 648 4092 695 4129; x_wconf 81' lang='lat' dir='ltr'><strong>um</strong></span> <span class='ocrx_word' id='word_1_310' title='bbox 709 4076 766 4131; x_wconf 85' lang='lat' dir='ltr'><strong>cod.</strong></span> <span class='ocrx_word' id='word_1_311' title='bbox 779 4075 956 4142; x_wconf 52' lang='lat' dir='ltr'><strong>Atmcudrb</strong></span> <span class='ocrx_word' id='word_1_312' title='bbox 971 4075 1122 4146; x_wconf 88' lang='lat' dir='ltr'><strong>sapharium</strong></span> <span class='ocrx_word' id='word_1_313' title='bbox 1135 4080 1167 4130; x_wconf 78' lang='lat' dir='ltr'><strong>at</strong></span> <span class='ocrx_word' id='word_1_314' title='bbox 1184 4077 1245 4131; x_wconf 79' lang='lat' dir='ltr'><strong>uid.</strong></span> <span class='ocrx_word' id='word_1_315' title='bbox 1271 4078 1302 4132; x_wconf 88' lang='lat' dir='ltr'><strong><em>V</em></strong></span> 
     </span>
     <span class='ocr_line' id='line_1_36' title="bbox 166 4157 896 4234; baseline 0.003 -19"><span class='ocrx_word' id='word_1_316' title='bbox 166 4161 200 4215; x_wconf 80' lang='grc'><strong>22</strong></span> <span class='ocrx_word' id='word_1_317' title='bbox 217 4163 257 4217; x_wconf 90' lang='lat' dir='ltr'><strong>hii</strong></span> <span class='ocrx_word' id='word_1_318' title='bbox 279 4164 305 4216; x_wconf 90' lang='lat' dir='ltr'><strong><em>V</em></strong></span> <span class='ocrx_word' id='word_1_319' title='bbox 372 4157 534 4234; x_wconf 69' lang='lat' dir='ltr'><strong>intellegent</strong></span> <span class='ocrx_word' id='word_1_320' title='bbox 556 4164 592 4218; x_wconf 87' lang='lat' dir='ltr'><strong>V:</strong></span> <span class='ocrx_word' id='word_1_321' title='bbox 610 4164 792 4233; x_wconf 81' lang='lat' dir='ltr'><strong>intelligentes</strong></span> <span class='ocrx_word' id='word_1_322' title='bbox 811 4164 896 4233; x_wconf 74' lang='lat' dir='ltr'><strong>libpp.</strong></span> 
     </span>
    </p>
   </div>
   <div class='ocr_carea' id='block_1_5' title="bbox 0 0 1453 4620">
    <p class='ocr_par' dir='ltr' id='par_1_7' title="bbox 0 0 1453 4620">
     <span class='ocr_line' id='line_1_37' title="bbox 0 0 1453 4620; baseline 0 0"><span class='ocrx_word' id='word_1_323' title='bbox 0 0 1453 4620; x_wconf 95' lang='lat' dir='ltr'><strong> </strong></span> 
     </span>
    </p>
   </div>
  </div>
 </body>
</html>
