2864 4620
543 272 629 342 apsa.
648 271 779 327 orrxrrx
799 274 908 331 ιιι-15.
1222 280 1289 344 ⁴569

170 482 273 545 supra.
306 465 440 529 Thomas
457 464 605 530 diaconus
620 470 656 531 ut
670 486 772 550 supra.
804 469 957 534 Iohannes
973 469 1120 535 diaeonus
1134 473 1172 535 ut
1186 489 1288 553 supra.
1413 505 1421 520 ·

172 567 358 651 symeonius
369 570 516 636 diaeonus
530 574 566 636 ut
581 590 683 656 supra.
725 572 870 639 saulinns
885 575 1123 640 archimandrita
1136 580 1173 641 ut
1187 595 1289 658 supra.
1302 576 1342 639 13

170 675 325 740 Eusebius
353 678 514 760 presbyter
539 680 577 741 ut
603 697 705 760 supra.
763 679 920 745 Muoimus
944 681 1107 764 presbyter
1128 685 1165 745 ut
1187 700 1290 763 supra.

172 779 356 863 symeonius
379 783 541 865 presbyter
562 785 599 847 ut
622 801 724 866 supra.
783 783 917 848 Thomas
944 786 1107 868 presbyter
1127 789 1165 850 nt
1187 805 1290 868 supra.

138 885 303 951 sIaoobus
334 889 496 972 presbyter
526 891 563 954 ut
589 908 691 972 supra.
754 889 909 960 Iohannes
933 892 1096 974 presbyter
1123 895 1160 954 ut
1186 910 1290 974 supra.

170 992 288 1056 Paulus
306 995 467 1078 presbyter
483 999 521 1059 ut
539 1014 641 1077 supra.
682 995 808 1060 Priscus
825 997 987 1079 presbyter
1003 1000 1041 1060 ut
1058 1016 1161 1078 supra.
1197 997 1291 1063 Anto·

170 1096 263 1162 ninus
277 1101 438 1183 presbyter
451 1103 487 1164 ut
500 1120 604 1183 supra.
632 1101 784 1165 Iohannes
798 1101 959 1186 presbyter
972 1106 1009 1167 ut
1023 1121 1123 1185 supra.
1156 1103 1292 1168 Thomas

171 1207 333 1289 presbyter
349 1211 386 1270 ut
404 1226 506 1290 supra.
551 1208 693 1272 Iulianus
716 1208 877 1292 presbyter
897 1210 935 1272 ut
957 1227 1059 1291 supra.
1106 1208 1291 1291 symeonius

171 1314 333 1396 presbyter
353 1315 390 1376 ut
412 1331 516 1396 supra.
561 1314 696 1378 Thomas
718 1314 880 1397 presbyter
902 1317 940 1379 ut
962 1333 1064 1395 supra.
1107 1313 1291 1398 symeonius

127 1437 154 1476 ιι
170 1420 333 1502 presbyter
359 1422 396 1485 nt
423 1439 526 1502 supra.
577 1421 733 1484 Zaeoheus
756 1421 919 1503 presbyter
941 1422 978 1485 ut
1000 1438 1102 1503 supra.
1157 1419 1291 1485 Thomas

171 1526 334 1608 presbyter
355 1529 391 1590 ut
414 1543 517 1607 supra.
558 1525 740 1609 symeonius
766 1526 928 1609 presbyter
954 1529 991 1590 ut
1017 1545 1119 1608 supra.
1156 1525 1291 1590 Thomas
1304 1523 1344 1586 14
1407 1541 1409 1543 ’

171 1632 333 1715 presbyter
350 1634 387 1695 ut
405 1650 507 1715 supra.
554 1631 737 1714 symeonius
759 1632 921 1714 presbyter
942 1634 979 1695 ut
1002 1650 1104 1714 supra.
1157 1628 1291 1697 Thomas

171 1738 335 1821 presbyter
348 1741 384 1802 ut
398 1757 502 1820 supra.
545 1737 674 1821 Sergius
686 1738 848 1820 presbyter
862 1739 898 1801 ut
912 1756 1015 1820 supra.
1059 1737 1193 1802 Thomas
1208 1755 1292 1820 pres-

171 1842 261 1926 byter
276 1846 313 1907 ut
327 1863 428 1924 supra.
465 1843 620 1908 Eusebius
635 1844 797 1926 presbyter
811 1845 847 1906 ut
860 1862 964 1924 supra.
1000 1842 1118 1907 Paulus
1132 1842 1293 1926 presbyter

128 1969 154 2010 ιι
173 1951 211 2011 ut
228 1966 331 2031 supra,
376 1948 529 2012 Iohannes
552 1949 715 2031 presbyter
737 1952 773 2012 ut
794 1968 897 2030 supra.
944 1948 1071 2032 sergius
1091 1948 1238 2014 diaeonus
1256 1950 1293 2013 ut

173 2071 276 2135 supra.
327 2053 407 2118 Item
431 2053 561 2137 Sergius
584 2053 732 2119 diaeonus
755 2056 792 2118 ut
814 2073 916 2138 supra.
965 2053 1111 2119 ¹Iulianus
1133 2055 1295 2138 presbyter

172 2162 210 2222 ut
227 2178 330 2241 supra.
373 2157 501 2243 sergius
519 2160 681 2243 presbyter
698 2162 735 2223 ut
753 2178 855 2243 supra.
896 2159 1081 2224 Ammonius
1096 2159 1243 2224 diaeonus
1256 2160 1294 2222 ut

173 2284 276 2346 supra.
317 2265 453 2330 Thomas
467 2266 630 2349 presbyter
644 2268 680 2329 ut
695 2285 797 2348 supra.
838 2267 938 2331 Lnoas
957 2266 1119 2349 presbyter
1135 2267 1172 2329 ut
1190 2284 1293 2348 supra.

113 2449 116 2453 ¹
172 2373 307 2437 Thomas
331 2373 480 2438 diaeonus
503 2375 540 2438 ut
563 2393 666 2456 supra.
727 2371 911 2457 Symeonius
939 2374 1102 2456 presbyter
1128 2374 1165 2436 ut
1191 2391 1292 2454 supra.

125 2502 153 2543 ao
171 2479 341 2544 Flauianus
356 2479 597 2544 archimandrita
607 2482 646 2543 ut
661 2498 762 2561 supra.
804 2479 962 2544 Monimus
979 2478 1127 2544 diaeonus
1141 2480 1178 2543 ut
1191 2493 1293 2561 supra.
1306 2487 1345 2550 15

170 2584 323 2651 Iohannes
353 2586 500 2651 diaconus
529 2589 566 2651 ut
593 2604 696 2669 supra.
753 2585 906 2650 Iohannes
937 2585 1099 2667 presbyter
1129 2588 1167 2648 ut
1192 2601 1294 2665 supra.

170 2692 326 2757 Antonius
359 2692 508 2757 diaeonus
540 2696 578 2757 ut
609 2711 711 2773 supra.
775 2691 911 2756 Thomas
944 2690 1091 2756 diaeonus
1123 2691 1160 2753 ut
1191 2696 1293 2771 supra.

170 2797 296 2862 Elisens
319 2797 481 2886 presbyter
499 2802 536 2863 ut
554 2817 657 2881 supra.
709 2795 837 2880 sergius
857 2796 1061 2862 diaeonus-ut
1079 2813 1182 2878 supra.
1230 2794 1294 2859 Isa-

124 2963 125 2966 ,
171 2904 239 2967 eius
257 2906 420 2989 presbyter
438 2908 474 2969 ut
492 2923 595 2987 supra.
638 2902 766 2987 Sergius
784 2903 948 2986 presbyter
965 2906 1002 2966 ut
1020 2920 1123 2985 supra.
1159 2899 1294 2963 Thomas

124 3009 326 3085 aodiaoonus
344 3013 381 3076 ut
403 3030 505 3095 supra.
564 3010 717 3075 Iohannes
739 3011 885 3092 prebyter
906 3011 943 3073 ut
970 3026 1072 3091 supra.
1129 3005 1294 3088 Phiiippus
1323 3068 1325 3070 ,

172 3115 320 3181 diaeonus
347 3120 384 3182 ut
406 3136 509 3200 supra.
568 3117 702 3182 Iaoobus
728 3115 890 3198 presbyter
916 3117 1083 3195 utsupra.
1141 3110 1293 3175 Zenobius

170 3222 333 3307 presbyter
354 3227 392 3288 ut
414 3242 517 3306 supra.
563 3223 666 3288 Maras
691 3220 838 3286 diaeonus
862 3222 899 3285 ut
921 3239 1024 3302 supra.
1068 3217 1189 3283 Isaoius
1211 3234 1295 3300 pres-

170 3328 259 3412 byter
272 3333 309 3394 ut
324 3349 427 3414 supra.
469 3329 606 3394 Ananias
619 3328 783 3412 presbyter
795 3330 833 3392 ut
848 3346 951 3410 supra.
977 3367 979 3372 ·
994 3325 1120 3409 Sergius
1133 3323 1296 3406 presbyter
1392 3352 1395 3359 ·

171 3437 208 3498 ut
230 3454 333 3518 supra.
380 3434 514 3518 Symeon
536 3435 697 3519 presbyter
719 3437 757 3499 ut
779 3452 882 3518 supra.
929 3432 1064 3498 Thomas
1081 3429 1242 3514 presbyter
1259 3431 1296 3492 ut
1339 3429 1341 3431 ’

124 3568 152 3610 ao
173 3559 276 3624 supra.
343 3542 496 3607 Iohannes
532 3542 695 3625 presbyter
725 3543 763 3605 ut
794 3559 896 3622 supra.
965 3536 1098 3622 Symeon
1133 3536 1296 3619 presbyter

170 3650 208 3711 ut
225 3666 328 3731 supra.
374 3648 509 3714 Thomas
527 3648 690 3733 presbyter
707 3649 745 3711 ut
762 3666 864 3728 supra.
911 3645 1063 3709 Iohannes
1080 3643 1243 3725 presbyter
1259 3642 1295 3737 ut

171 3771 274 3834 supra.
334 3752 467 3836 symeon
500 3753 664 3836 presbyter
699 3754 737 3816 ut
771 3770 874 3834 supra.
933 3747 1110 3813 Dauidthos
1147 3746 1294 3810 diaeonus
1329 3786 1331 3794 ,

205 3981 222 4032 3
241 3978 371 4032 eusealius
394 3978 425 4041 V,
445 3994 511 4032 corr.
534 3976 596 4031 Car.
682 3976 715 4030 10
732 3974 859 4029 Iaooheus
883 3974 913 4038 V,
932 3991 1000 4029 corr.
1022 3973 1084 4028 Car.
1168 3972 1200 4025 14
1219 3987 1294 4024 euse-

170 4067 237 4121 alius
260 4067 290 4132 V,
315 4083 381 4122 eorr.
408 4065 471 4121 Car.
561 4067 594 4119 ‘35
616 4064 738 4134 Philipus
762 4063 788 4136 V
874 4065 908 4118 26
933 4063 1067 4124 zenoalius
1091 4060 1122 4124 V,
1141 4074 1207 4114 corr.
1231 4058 1293 4112 Gar.

169 4156 308 4209 2Trnoras
331 4154 362 4218 V,
382 4155 485 4208 corraei
957 4178 959 4183 ·
