<?xml version="1.0" encoding="UTF-8"?>
<!DOCTYPE html PUBLIC "-//W3C//DTD XHTML 1.0 Transitional//EN"
    "http://www.w3.org/TR/xhtml1/DTD/xhtml1-transitional.dtd">
<html xmlns="http://www.w3.org/1999/xhtml" xml:lang="en" lang="en">
 <head>
  <title>
</title>
<meta http-equiv="Content-Type" content="text/html;charset=utf-8" />
  <meta name='ocr-system' content='tesseract 3.04.00' />
  <meta name='ocr-capabilities' content='ocr_page ocr_carea ocr_par ocr_line ocrx_word'/>
</head>
<body>
  <div class='ocr_page' id='page_1' title='image "./epistulaeimpera00gngoog_0247.png"; bbox 0 0 2864 4620; ppageno 0'>
   <div class='ocr_carea' id='block_1_1' title="bbox 202 237 1160 346">
    <p class='ocr_par' dir='ltr' id='par_1_1' title="bbox 202 237 1160 346">
     <span class='ocr_line' id='line_1_1' title="bbox 202 237 1160 346; baseline -0.009 -10"><span class='ocrx_word' id='word_1_1' title='bbox 202 237 278 344; x_wconf 70' lang='lat'>⁴730</span> <span class='ocrx_word' id='word_1_2' title='bbox 331 258 333 263; x_wconf 71' lang='lat'>‚</span> <span class='ocrx_word' id='word_1_3' title='bbox 392 276 536 332; x_wconf 84' lang='lat' dir='ltr'>Hormisda</span> <span class='ocrx_word' id='word_1_4' title='bbox 552 276 702 346; x_wconf 79' lang='lat' dir='ltr'>Epiphanio</span> <span class='ocrx_word' id='word_1_5' title='bbox 721 276 845 346; x_wconf 83' lang='lat' dir='ltr'>episeopo</span> <span class='ocrx_word' id='word_1_6' title='bbox 864 273 1160 345; x_wconf 81' lang='lat' dir='ltr'>Constantinopolitano</span> 
     </span>
    </p>
   </div>
   <div class='ocr_carea' id='block_1_2' title="bbox 112 466 1401 3093">
    <p class='ocr_par' dir='ltr' id='par_1_2' title="bbox 194 466 1376 1184">
     <span class='ocr_line' id='line_1_2' title="bbox 216 466 1373 552; baseline -0.003 -17"><span class='ocrx_word' id='word_1_7' title='bbox 216 487 350 535; x_wconf 62' lang='lat' dir='ltr'>a..oarn&#39;e</span> <span class='ocrx_word' id='word_1_8' title='bbox 378 472 573 552; x_wconf 77' lang='lat' dir='ltr'><strong>separantem</strong></span> <span class='ocrx_word' id='word_1_9' title='bbox 600 473 633 534; x_wconf 90' lang='lat' dir='ltr'>et</span> <span class='ocrx_word' id='word_1_10' title='bbox 658 470 727 533; x_wconf 90' lang='lat' dir='ltr'>ideo</span> <span class='ocrx_word' id='word_1_11' title='bbox 756 471 894 532; x_wconf 78' lang='lat' dir='ltr'><strong>sanctam</strong></span> <span class='ocrx_word' id='word_1_12' title='bbox 922 467 1056 532; x_wconf 89' lang='lat' dir='ltr'>Mariam</span> <span class='ocrx_word' id='word_1_13' title='bbox 1079 468 1128 532; x_wconf 93' lang='lat' dir='ltr'>dei</span> <span class='ocrx_word' id='word_1_14' title='bbox 1152 466 1336 551; x_wconf 81' lang='lat' dir='ltr'>genitricem</span> <span class='ocrx_word' id='word_1_15' title='bbox 1371 544 1373 546; x_wconf 7' lang='lat' dir='ltr'>v</span> 
     </span>
     <span class='ocr_line' id='line_1_3' title="bbox 214 572 1336 661; baseline -0.003 -22"><span class='ocrx_word' id='word_1_16' title='bbox 214 574 413 656; x_wconf 86' lang='lat' dir='ltr'>pronuntiare</span> <span class='ocrx_word' id='word_1_17' title='bbox 445 573 607 661; x_wconf 77' lang='lat' dir='ltr'>nitentem,</span> <span class='ocrx_word' id='word_1_18' title='bbox 640 575 773 639; x_wconf 87' lang='lat' dir='ltr'>alterum</span> <span class='ocrx_word' id='word_1_19' title='bbox 805 574 970 638; x_wconf 87' lang='lat' dir='ltr'>ueritatem</span> <span class='ocrx_word' id='word_1_20' title='bbox 1007 574 1106 639; x_wconf 85' lang='lat' dir='ltr'>earnis</span> <span class='ocrx_word' id='word_1_21' title='bbox 1142 574 1174 638; x_wconf 91' lang='lat' dir='ltr'>in</span> <span class='ocrx_word' id='word_1_22' title='bbox 1211 572 1336 638; x_wconf 91' lang='lat' dir='ltr'>domino</span> 
     </span>
     <span class='ocr_line' id='line_1_4' title="bbox 212 672 1336 761; baseline -0.002 -17"><span class='ocrx_word' id='word_1_23' title='bbox 212 674 409 746; x_wconf 86' lang='lat' dir='ltr'>renuentem:</span> <span class='ocrx_word' id='word_1_24' title='bbox 434 680 555 761; x_wconf 90' lang='lat' dir='ltr'>quando</span> <span class='ocrx_word' id='word_1_25' title='bbox 579 680 725 745; x_wconf 88' lang='lat' dir='ltr'>dominus</span> <span class='ocrx_word' id='word_1_26' title='bbox 748 681 854 744; x_wconf 90' lang='lat' dir='ltr'>noster</span> <span class='ocrx_word' id='word_1_27' title='bbox 876 680 966 744; x_wconf 86' lang='lat' dir='ltr'>Iesus</span> <span class='ocrx_word' id='word_1_28' title='bbox 986 672 1131 744; x_wconf 76' lang='lat' dir='ltr'>Christus</span> <span class='ocrx_word' id='word_1_29' title='bbox 1149 679 1233 744; x_wconf 90' lang='lat' dir='ltr'>idem</span> <span class='ocrx_word' id='word_1_30' title='bbox 1252 679 1336 744; x_wconf 86' lang='lat' dir='ltr'>tilius</span> 
     </span>
     <span class='ocr_line' id='line_1_5' title="bbox 194 782 1336 873; baseline -0.002 -23"><span class='ocrx_word' id='word_1_31' title='bbox 194 786 264 850; x_wconf 72' lang='lat' dir='ltr'>vdei</span> <span class='ocrx_word' id='word_1_32' title='bbox 300 786 383 867; x_wconf 91' lang='lat' dir='ltr'>idem</span> <span class='ocrx_word' id='word_1_33' title='bbox 421 782 528 873; x_wconf 86' lang='lat' dir='ltr'>[tilius]</span> <span class='ocrx_word' id='word_1_34' title='bbox 565 785 710 863; x_wconf 82' lang='lat' dir='ltr'>bominis,</span> <span class='ocrx_word' id='word_1_35' title='bbox 743 804 807 849; x_wconf 89' lang='lat' dir='ltr'>una</span> <span class='ocrx_word' id='word_1_36' title='bbox 836 784 867 849; x_wconf 93' lang='lat' dir='ltr'>in</span> <span class='ocrx_word' id='word_1_37' title='bbox 901 785 1021 850; x_wconf 93' lang='lat' dir='ltr'>duabus</span> <span class='ocrx_word' id='word_1_38' title='bbox 1053 805 1184 869; x_wconf 90' lang='lat' dir='ltr'>persona</span> <span class='ocrx_word' id='word_1_39' title='bbox 1215 784 1336 849; x_wconf 90' lang='lat' dir='ltr'>naturis</span> 
     </span>
     <span class='ocr_line' id='line_1_6' title="bbox 214 891 1376 967; baseline -0.004 -10"><span class='ocrx_word' id='word_1_40' title='bbox 214 892 388 957; x_wconf 86' lang='lat' dir='ltr'>diuinitatis</span> <span class='ocrx_word' id='word_1_41' title='bbox 422 896 454 957; x_wconf 91' lang='lat' dir='ltr'>et</span> <span class='ocrx_word' id='word_1_42' title='bbox 486 891 585 956; x_wconf 87' lang='lat' dir='ltr'>earnis</span> <span class='ocrx_word' id='word_1_43' title='bbox 617 909 674 956; x_wconf 86' lang='lat' dir='ltr'>neo</span> <span class='ocrx_word' id='word_1_44' title='bbox 709 891 829 955; x_wconf 88' lang='lat' dir='ltr'>naturis</span> <span class='ocrx_word' id='word_1_45' title='bbox 865 891 1051 956; x_wconf 71' lang='lat' dir='ltr'>adunatione</span> <span class='ocrx_word' id='word_1_46' title='bbox 1088 891 1238 967; x_wconf 79' lang='lat' dir='ltr'>confusis,</span> <span class='ocrx_word' id='word_1_47' title='bbox 1277 910 1336 956; x_wconf 92' lang='lat' dir='ltr'>non</span> <span class='ocrx_word' id='word_1_48' title='bbox 1364 913 1376 952; x_wconf 76' lang='grc' dir='ltr'>ι</span> 
     </span>
     <span class='ocr_line' id='line_1_7' title="bbox 211 996 1335 1081; baseline -0.003 -19"><span class='ocrx_word' id='word_1_49' title='bbox 211 998 302 1063; x_wconf 90' lang='lat' dir='ltr'>uelut</span> <span class='ocrx_word' id='word_1_50' title='bbox 337 1002 448 1081; x_wconf 86' lang='lat' dir='ltr'>quarta</span> <span class='ocrx_word' id='word_1_51' title='bbox 482 1016 615 1080; x_wconf 91' lang='lat' dir='ltr'>persona</span> <span class='ocrx_word' id='word_1_52' title='bbox 651 996 756 1061; x_wconf 91' lang='lat' dir='ltr'>addita</span> <span class='ocrx_word' id='word_1_53' title='bbox 791 996 935 1075; x_wconf 77' lang='lat' dir='ltr'>trinitati,</span> <span class='ocrx_word' id='word_1_54' title='bbox 973 997 1028 1061; x_wconf 94' lang='lat' dir='ltr'>sed</span> <span class='ocrx_word' id='word_1_55' title='bbox 1063 998 1130 1080; x_wconf 89' lang='lat' dir='ltr'>ipse</span> <span class='ocrx_word' id='word_1_56' title='bbox 1165 998 1251 1061; x_wconf 91' lang='lat' dir='ltr'>filius</span> <span class='ocrx_word' id='word_1_57' title='bbox 1285 997 1335 1060; x_wconf 92' lang='lat' dir='ltr'>dei</span> 
     </span>
     <span class='ocr_line' id='line_1_8' title="bbox 212 1101 1333 1184; baseline -0.002 -16"><span class='ocrx_word' id='word_1_58' title='bbox 212 1102 445 1168; x_wconf 80' lang='lat' dir='ltr'>exinaniens</span> <span class='ocrx_word' id='word_1_59' title='bbox 465 1101 735 1183; x_wconf 90' lang='lat' dir='ltr'>semetipsum</span> <span class='ocrx_word' id='word_1_60' title='bbox 754 1101 970 1166; x_wconf 88' lang='lat' dir='ltr'>otformam</span> <span class='ocrx_word' id='word_1_61' title='bbox 989 1102 1096 1167; x_wconf 90' lang='lat' dir='ltr'>serui</span> <span class='ocrx_word' id='word_1_62' title='bbox 1116 1103 1333 1184; x_wconf 82' lang='lat' dir='ltr'>accipiens.</span> 
     </span>
    </p>

    <p class='ocr_par' dir='ltr' id='par_1_3' title="bbox 112 1202 1401 2030">
     <span class='ocr_line' id='line_1_9' title="bbox 112 1202 1335 1293; baseline 0 -21"><span class='ocrx_word' id='word_1_63' title='bbox 112 1213 114 1215; x_wconf 80' lang='grc'><strong>’</strong></span> <span class='ocrx_word' id='word_1_64' title='bbox 161 1202 343 1293; x_wconf 79' lang='lat' dir='ltr'>10propter.</span> <span class='ocrx_word' id='word_1_65' title='bbox 365 1208 448 1290; x_wconf 91' lang='lat' dir='ltr'>quod</span> <span class='ocrx_word' id='word_1_66' title='bbox 476 1210 506 1273; x_wconf 90' lang='lat' dir='ltr'>et</span> <span class='ocrx_word' id='word_1_67' title='bbox 533 1226 627 1272; x_wconf 88' lang='lat' dir='ltr'>unam</span> <span class='ocrx_word' id='word_1_68' title='bbox 654 1225 712 1271; x_wconf 87' lang='lat' dir='ltr'>neo</span> <span class='ocrx_word' id='word_1_69' title='bbox 739 1207 931 1272; x_wconf 91' lang='lat' dir='ltr'>diuisibilem</span> <span class='ocrx_word' id='word_1_70' title='bbox 955 1208 1138 1289; x_wconf 86' lang='lat' dir='ltr'>profitemur</span> <span class='ocrx_word' id='word_1_71' title='bbox 1164 1208 1335 1272; x_wconf 85' lang='lat' dir='ltr'>essentiam</span> 
     </span>
     <span class='ocr_line' id='line_1_10' title="bbox 211 1312 1333 1396; baseline -0.002 -18"><span class='ocrx_word' id='word_1_72' title='bbox 211 1315 361 1379; x_wconf 77' lang='lat' dir='ltr'>trinitatis</span> <span class='ocrx_word' id='word_1_73' title='bbox 381 1317 412 1378; x_wconf 92' lang='lat' dir='ltr'>st</span> <span class='ocrx_word' id='word_1_74' title='bbox 433 1312 654 1396; x_wconf 79' lang='lat' dir='ltr'>proprietatem</span> <span class='ocrx_word' id='word_1_75' title='bbox 676 1316 781 1377; x_wconf 90' lang='lat' dir='ltr'>tamen</span> <span class='ocrx_word' id='word_1_76' title='bbox 804 1331 893 1377; x_wconf 89' lang='lat' dir='ltr'>suam</span> <span class='ocrx_word' id='word_1_77' title='bbox 918 1313 1035 1378; x_wconf 85' lang='lat' dir='ltr'>seimus</span> <span class='ocrx_word' id='word_1_78' title='bbox 1057 1313 1160 1378; x_wconf 83' lang='lat' dir='ltr'>inesse</span> <span class='ocrx_word' id='word_1_79' title='bbox 1181 1313 1333 1396; x_wconf 88' lang='lat' dir='ltr'>personis.</span> 
     </span>
     <span class='ocr_line' id='line_1_11' title="bbox 210 1413 1401 1508; baseline -0.004 -24"><span class='ocrx_word' id='word_1_80' title='bbox 210 1438 305 1484; x_wconf 90' lang='lat' dir='ltr'>unam</span> <span class='ocrx_word' id='word_1_81' title='bbox 338 1420 417 1484; x_wconf 91' lang='lat' dir='ltr'>enim</span> <span class='ocrx_word' id='word_1_82' title='bbox 446 1419 543 1508; x_wconf 87' lang='lat' dir='ltr'>patris</span> <span class='ocrx_word' id='word_1_83' title='bbox 571 1413 753 1500; x_wconf 88' lang='lat' dir='ltr'>profitemur</span> <span class='ocrx_word' id='word_1_84' title='bbox 780 1437 849 1483; x_wconf 88' lang='lat' dir='ltr'>esse</span> <span class='ocrx_word' id='word_1_85' title='bbox 875 1438 1048 1501; x_wconf 84' lang='lat' dir='ltr'>personam,</span> <span class='ocrx_word' id='word_1_86' title='bbox 1076 1439 1171 1483; x_wconf 92' lang='lat' dir='ltr'>unam</span> <span class='ocrx_word' id='word_1_87' title='bbox 1198 1420 1263 1484; x_wconf 90' lang='lat' dir='ltr'>filii</span> <span class='ocrx_word' id='word_1_88' title='bbox 1284 1420 1334 1484; x_wconf 94' lang='lat' dir='ltr'>dei</span> <span class='ocrx_word' id='word_1_89' title='bbox 1351 1440 1401 1481; x_wconf 71' lang='lat' dir='ltr'>a»</span> 
     </span>
     <span class='ocr_line' id='line_1_12' title="bbox 211 1523 1335 1608; baseline 0 -18"><span class='ocrx_word' id='word_1_90' title='bbox 211 1543 283 1590; x_wconf 86' lang='lat' dir='ltr'>oum</span> <span class='ocrx_word' id='word_1_91' title='bbox 312 1523 479 1607; x_wconf 88' lang='lat' dir='ltr'>adsumpta</span> <span class='ocrx_word' id='word_1_92' title='bbox 506 1542 606 1601; x_wconf 84' lang='lat' dir='ltr'>carne,</span> <span class='ocrx_word' id='word_1_93' title='bbox 634 1543 729 1587; x_wconf 91' lang='lat' dir='ltr'>uuam</span> <span class='ocrx_word' id='word_1_94' title='bbox 754 1523 882 1606; x_wconf 87' lang='lat' dir='ltr'>spiritus</span> <span class='ocrx_word' id='word_1_95' title='bbox 906 1525 1017 1602; x_wconf 88' lang='lat' dir='ltr'>saneti,</span> <span class='ocrx_word' id='word_1_96' title='bbox 1042 1528 1074 1590; x_wconf 90' lang='lat' dir='ltr'>et</span> <span class='ocrx_word' id='word_1_97' title='bbox 1095 1545 1243 1608; x_wconf 86' lang='lat' dir='ltr'>personas</span> <span class='ocrx_word' id='word_1_98' title='bbox 1266 1545 1335 1608; x_wconf 87' lang='lat' dir='ltr'>pro·</span> 
     </span>
     <span class='ocr_line' id='line_1_13' title="bbox 211 1623 1333 1715; baseline 0.002 -21"><span class='ocrx_word' id='word_1_99' title='bbox 211 1623 397 1715; x_wconf 78' lang='lat' dir='ltr'>prioratibus</span> <span class='ocrx_word' id='word_1_100' title='bbox 422 1625 620 1713; x_wconf 86' lang='lat' dir='ltr'>designantes</span> <span class='ocrx_word' id='word_1_101' title='bbox 645 1633 677 1693; x_wconf 93' lang='lat' dir='ltr'>et</span> <span class='ocrx_word' id='word_1_102' title='bbox 698 1649 753 1711; x_wconf 90' lang='lat' dir='ltr'>per</span> <span class='ocrx_word' id='word_1_103' title='bbox 775 1630 928 1695; x_wconf 90' lang='lat' dir='ltr'>unitatem</span> <span class='ocrx_word' id='word_1_104' title='bbox 951 1631 1105 1696; x_wconf 87' lang='lat' dir='ltr'>essentiae</span> <span class='ocrx_word' id='word_1_105' title='bbox 1126 1631 1333 1714; x_wconf 86' lang='lat' dir='ltr'>inseparabile</span> 
     </span>
     <span class='ocr_line' id='line_1_14' title="bbox 210 1734 1335 1822; baseline 0.001 -22"><span class='ocrx_word' id='word_1_106' title='bbox 210 1736 360 1801; x_wconf 90' lang='lat' dir='ltr'>trinitatis</span> <span class='ocrx_word' id='word_1_107' title='bbox 393 1736 576 1820; x_wconf 83' lang='lat' dir='ltr'>mysterium</span> <span class='ocrx_word' id='word_1_108' title='bbox 611 1734 802 1800; x_wconf 85' lang='lat' dir='ltr'>confitentes.</span> <span class='ocrx_word' id='word_1_109' title='bbox 834 1755 934 1817; x_wconf 90' lang='lat' dir='ltr'>nsque</span> <span class='ocrx_word' id='word_1_110' title='bbox 966 1737 1049 1801; x_wconf 91' lang='lat' dir='ltr'>enim</span> <span class='ocrx_word' id='word_1_111' title='bbox 1081 1737 1197 1822; x_wconf 86' lang='lat' dir='ltr'>ambigi</span> <span class='ocrx_word' id='word_1_112' title='bbox 1228 1740 1335 1819; x_wconf 89' lang='lat' dir='ltr'>potest</span> 
     </span>
     <span class='ocr_line' id='line_1_15' title="bbox 208 1829 1332 1923; baseline 0 -17"><span class='ocrx_word' id='word_1_113' title='bbox 208 1842 342 1907; x_wconf 83' lang='lat' dir='ltr'>uerbum</span> <span class='ocrx_word' id='word_1_114' title='bbox 383 1839 432 1906; x_wconf 93' lang='lat' dir='ltr'>dei</span> <span class='ocrx_word' id='word_1_115' title='bbox 472 1840 555 1905; x_wconf 86' lang='lat' dir='ltr'>iutra</span> <span class='ocrx_word' id='word_1_116' title='bbox 593 1839 702 1904; x_wconf 83' lang='lat' dir='ltr'>matris</span> <span class='ocrx_word' id='word_1_117' title='bbox 743 1829 866 1904; x_wconf 85' lang='lat' dir='ltr'>uiscera</span> <span class='ocrx_word' id='word_1_118' title='bbox 905 1859 960 1923; x_wconf 91' lang='lat' dir='ltr'>per</span> <span class='ocrx_word' id='word_1_119' title='bbox 1001 1860 1125 1906; x_wconf 84' lang='lat' dir='ltr'>earnem</span> <span class='ocrx_word' id='word_1_120' title='bbox 1165 1842 1332 1906; x_wconf 88' lang='lat' dir='ltr'>humanam</span> 
     </span>
     <span class='ocr_line' id='line_1_16' title="bbox 212 1937 1373 2030; baseline -0.003 -17"><span class='ocrx_word' id='word_1_121' title='bbox 212 1946 428 2030; x_wconf 84' lang='lat' dir='ltr'>adsumpsisse</span> <span class='ocrx_word' id='word_1_122' title='bbox 455 1949 598 2011; x_wconf 88' lang='lat' dir='ltr'>naturam</span> <span class='ocrx_word' id='word_1_123' title='bbox 626 1963 682 2010; x_wconf 87' lang='lat' dir='ltr'>neo</span> <span class='ocrx_word' id='word_1_124' title='bbox 705 1948 778 2027; x_wconf 92' lang='lat' dir='ltr'>post</span> <span class='ocrx_word' id='word_1_125' title='bbox 800 1965 818 2010; x_wconf 87' lang='lat' dir='ltr'>a</span> <span class='ocrx_word' id='word_1_126' title='bbox 840 1955 873 2011; x_wconf 86' lang='lat' dir='ltr'>ss</span> <span class='ocrx_word' id='word_1_127' title='bbox 895 1937 978 2011; x_wconf 88' lang='lat' dir='ltr'>intra</span> <span class='ocrx_word' id='word_1_128' title='bbox 999 1948 1130 2011; x_wconf 84' lang='lat' dir='ltr'>uuluam</span> <span class='ocrx_word' id='word_1_129' title='bbox 1153 1951 1332 2013; x_wconf 87' lang='lat' dir='ltr'>naturarum</span> <span class='ocrx_word' id='word_1_130' title='bbox 1351 1969 1373 2010; x_wconf 86' lang='grc' dir='ltr'>ιι</span> 
     </span>
    </p>

    <p class='ocr_par' dir='ltr' id='par_1_4' title="bbox 155 2047 1334 2455">
     <span class='ocr_line' id='line_1_17' title="bbox 155 2047 1333 2118; baseline 0 0"><span class='ocrx_word' id='word_1_131' title='bbox 155 2047 156 2051; x_wconf 62' lang='grc'>’</span> <span class='ocrx_word' id='word_1_132' title='bbox 211 2054 350 2118; x_wconf 88' lang='lat' dir='ltr'>unitione</span> <span class='ocrx_word' id='word_1_133' title='bbox 379 2052 526 2116; x_wconf 89' lang='lat' dir='ltr'>diuisum.</span> <span class='ocrx_word' id='word_1_134' title='bbox 555 2070 627 2114; x_wconf 90' lang='lat' dir='ltr'>nam</span> <span class='ocrx_word' id='word_1_135' title='bbox 655 2052 738 2116; x_wconf 86' lang='lat' dir='ltr'>siout</span> <span class='ocrx_word' id='word_1_136' title='bbox 764 2071 824 2115; x_wconf 91' lang='lat' dir='ltr'>non</span> <span class='ocrx_word' id='word_1_137' title='bbox 853 2053 959 2117; x_wconf 84' lang='lat' dir='ltr'>estin</span> <span class='ocrx_word' id='word_1_138' title='bbox 987 2071 1023 2118; x_wconf 87' lang='lat' dir='ltr'>eo</span> <span class='ocrx_word' id='word_1_139' title='bbox 1055 2053 1233 2118; x_wconf 88' lang='lat' dir='ltr'>humanitas</span> <span class='ocrx_word' id='word_1_140' title='bbox 1263 2055 1333 2118; x_wconf 85' lang='lat' dir='ltr'>sine</span> 
     </span>
     <span class='ocr_line' id='line_1_18' title="bbox 211 2157 1333 2240; baseline 0 -17"><span class='ocrx_word' id='word_1_141' title='bbox 211 2161 267 2225; x_wconf 93' lang='lat' dir='ltr'>deo</span> <span class='ocrx_word' id='word_1_142' title='bbox 290 2158 386 2237; x_wconf 69' lang='lat' dir='ltr'>edita</span> <span class='ocrx_word' id='word_1_143' title='bbox 408 2157 454 2222; x_wconf 88' lang='lat' dir='ltr'>sio</span> <span class='ocrx_word' id='word_1_144' title='bbox 470 2157 508 2221; x_wconf 79' lang='lat' dir='ltr'>&#39;in</span> <span class='ocrx_word' id='word_1_145' title='bbox 531 2175 622 2222; x_wconf 85' lang='lat' dir='ltr'>eruce</span> <span class='ocrx_word' id='word_1_146' title='bbox 645 2177 704 2222; x_wconf 92' lang='lat' dir='ltr'>non</span> <span class='ocrx_word' id='word_1_147' title='bbox 728 2161 777 2221; x_wconf 89' lang='lat' dir='ltr'>est</span> <span class='ocrx_word' id='word_1_148' title='bbox 797 2157 1002 2240; x_wconf 89' lang='lat' dir='ltr'>impassibilis</span> <span class='ocrx_word' id='word_1_149' title='bbox 1027 2158 1175 2224; x_wconf 89' lang='lat' dir='ltr'>diuinitas</span> <span class='ocrx_word' id='word_1_150' title='bbox 1196 2178 1214 2223; x_wconf 89' lang='lat' dir='ltr'>a</span> <span class='ocrx_word' id='word_1_151' title='bbox 1232 2158 1333 2224; x_wconf 89' lang='lat' dir='ltr'>earnis</span> 
     </span>
     <span class='ocr_line' id='line_1_19' title="bbox 211 2263 1333 2350; baseline 0 -21"><span class='ocrx_word' id='word_1_152' title='bbox 211 2265 357 2350; x_wconf 87' lang='lat' dir='ltr'>passione</span> <span class='ocrx_word' id='word_1_153' title='bbox 381 2264 492 2343; x_wconf 85' lang='lat' dir='ltr'>diuisa,</span> <span class='ocrx_word' id='word_1_154' title='bbox 517 2263 601 2345; x_wconf 89' lang='lat' dir='ltr'>quod</span> <span class='ocrx_word' id='word_1_155' title='bbox 622 2263 753 2347; x_wconf 82' lang='lat' dir='ltr'>uirginis</span> <span class='ocrx_word' id='word_1_156' title='bbox 776 2266 884 2347; x_wconf 82' lang='lat' dir='ltr'>partus</span> <span class='ocrx_word' id='word_1_157' title='bbox 907 2267 939 2328; x_wconf 86' lang='lat' dir='ltr'>et</span> <span class='ocrx_word' id='word_1_158' title='bbox 955 2264 1140 2330; x_wconf 90' lang='lat' dir='ltr'>intemerata</span> <span class='ocrx_word' id='word_1_159' title='bbox 1156 2264 1333 2330; x_wconf 80' lang='lat' dir='ltr'>feorrnditas</span> 
     </span>
     <span class='ocr_line' id='line_1_20' title="bbox 211 2365 1334 2455; baseline 0 -19"><span class='ocrx_word' id='word_1_160' title='bbox 211 2375 243 2437; x_wconf 93' lang='lat' dir='ltr'>et</span> <span class='ocrx_word' id='word_1_161' title='bbox 279 2365 446 2455; x_wconf 84' lang='lat' dir='ltr'>singularis</span> <span class='ocrx_word' id='word_1_162' title='bbox 482 2389 500 2434; x_wconf 88' lang='lat' dir='ltr'>a</span> <span class='ocrx_word' id='word_1_163' title='bbox 536 2370 667 2435; x_wconf 88' lang='lat' dir='ltr'>mortuis</span> <span class='ocrx_word' id='word_1_164' title='bbox 703 2371 887 2435; x_wconf 84' lang='lat' dir='ltr'>resurreetio</span> <span class='ocrx_word' id='word_1_165' title='bbox 927 2375 959 2435; x_wconf 92' lang='lat' dir='ltr'>et</span> <span class='ocrx_word' id='word_1_166' title='bbox 989 2372 1027 2435; x_wconf 89' lang='lat' dir='ltr'>ad</span> <span class='ocrx_word' id='word_1_167' title='bbox 1060 2372 1163 2436; x_wconf 77' lang='lat' dir='ltr'>caelos</span> <span class='ocrx_word' id='word_1_168' title='bbox 1196 2372 1334 2437; x_wconf 82' lang='lat' dir='ltr'>deelarat</span> 
     </span>
    </p>

    <p class='ocr_par' dir='ltr' id='par_1_5' title="bbox 159 2473 1374 2969">
     <span class='ocr_line' id='line_1_21' title="bbox 159 2473 1374 2560; baseline -0.003 -18"><span class='ocrx_word' id='word_1_169' title='bbox 159 2473 362 2543; x_wconf 85' lang='lat' dir='ltr'>llasoensio.</span> <span class='ocrx_word' id='word_1_170' title='bbox 388 2477 466 2551; x_wconf 83' lang='lat' dir='ltr'>haee</span> <span class='ocrx_word' id='word_1_171' title='bbox 494 2476 521 2541; x_wconf 89' lang='lat' dir='ltr'>si</span> <span class='ocrx_word' id='word_1_172' title='bbox 548 2476 811 2559; x_wconf 87' lang='lat' dir='ltr'>quemadmodum</span> <span class='ocrx_word' id='word_1_173' title='bbox 838 2495 857 2541; x_wconf 86' lang='lat' dir='ltr'>a</span> <span class='ocrx_word' id='word_1_174' title='bbox 883 2477 1024 2560; x_wconf 89' lang='lat' dir='ltr'>patribus</span> <span class='ocrx_word' id='word_1_175' title='bbox 1052 2479 1225 2546; x_wconf 80' lang='lat' dir='ltr'>constituta</span> <span class='ocrx_word' id='word_1_176' title='bbox 1257 2481 1333 2543; x_wconf 92' lang='lat' dir='ltr'>suut</span> <span class='ocrx_word' id='word_1_177' title='bbox 1350 2499 1374 2538; x_wconf 78' lang='lat' dir='ltr'>ao</span> 
     </span>
     <span class='ocr_line' id='line_1_22' title="bbox 210 2581 1333 2673; baseline -0.001 -24"><span class='ocrx_word' id='word_1_178' title='bbox 210 2587 346 2661; x_wconf 88' lang='lat' dir='ltr'>seruant,</span> <span class='ocrx_word' id='word_1_179' title='bbox 370 2583 497 2648; x_wconf 86' lang='lat' dir='ltr'>eradant</span> <span class='ocrx_word' id='word_1_180' title='bbox 519 2601 575 2647; x_wconf 90' lang='lat' dir='ltr'>nse</span> <span class='ocrx_word' id='word_1_181' title='bbox 598 2581 724 2647; x_wconf 88' lang='lat' dir='ltr'>definita</span> <span class='ocrx_word' id='word_1_182' title='bbox 745 2583 980 2673; x_wconf 75' lang='lat' dir='ltr'>transcendant;</span> <span class='ocrx_word' id='word_1_183' title='bbox 1005 2603 1023 2649; x_wconf 88' lang='lat' dir='ltr'>a</span> <span class='ocrx_word' id='word_1_184' title='bbox 1046 2603 1105 2665; x_wconf 88' lang='lat' dir='ltr'>quo</span> <span class='ocrx_word' id='word_1_185' title='bbox 1127 2585 1253 2650; x_wconf 85' lang='lat' dir='ltr'>tramite</span> <span class='ocrx_word' id='word_1_186' title='bbox 1276 2585 1333 2666; x_wconf 92' lang='lat' dir='ltr'>qui</span> 
     </span>
     <span class='ocr_line' id='line_1_23' title="bbox 209 2689 1333 2773; baseline -0.001 -18"><span class='ocrx_word' id='word_1_187' title='bbox 209 2691 376 2768; x_wconf 79' lang='lat' dir='ltr'>declinant,</span> <span class='ocrx_word' id='word_1_188' title='bbox 413 2689 476 2773; x_wconf 91' lang='lat' dir='ltr'>ipsi</span> <span class='ocrx_word' id='word_1_189' title='bbox 512 2689 573 2754; x_wconf 93' lang='lat' dir='ltr'>sibi</span> <span class='ocrx_word' id='word_1_190' title='bbox 608 2690 754 2755; x_wconf 88' lang='lat' dir='ltr'>nebulam</span> <span class='ocrx_word' id='word_1_191' title='bbox 791 2689 995 2754; x_wconf 87' lang='lat' dir='ltr'>dubitationis</span> <span class='ocrx_word' id='word_1_192' title='bbox 1033 2690 1206 2756; x_wconf 83' lang='lat' dir='ltr'>offundunt.</span> <span class='ocrx_word' id='word_1_193' title='bbox 1238 2690 1333 2755; x_wconf 88' lang='lat' dir='ltr'>nobis</span> 
     </span>
     <span class='ocr_line' id='line_1_24' title="bbox 210 2796 1332 2880; baseline 0 -19"><span class='ocrx_word' id='word_1_194' title='bbox 210 2801 316 2862; x_wconf 89' lang='lat' dir='ltr'>autem</span> <span class='ocrx_word' id='word_1_195' title='bbox 343 2796 424 2862; x_wconf 91' lang='lat' dir='ltr'>illud</span> <span class='ocrx_word' id='word_1_196' title='bbox 446 2796 655 2880; x_wconf 85' lang='lat' dir='ltr'>apostolieum</span> <span class='ocrx_word' id='word_1_197' title='bbox 678 2797 883 2862; x_wconf 84' lang='lat' dir='ltr'>contentiosis</span> <span class='ocrx_word' id='word_1_198' title='bbox 905 2797 1090 2880; x_wconf 89' lang='lat' dir='ltr'>respondere</span> <span class='ocrx_word' id='word_1_199' title='bbox 1113 2815 1240 2862; x_wconf 85' lang='lat' dir='ltr'>neeesse</span> <span class='ocrx_word' id='word_1_200' title='bbox 1265 2800 1332 2862; x_wconf 88' lang='lat' dir='ltr'>est:</span> 
     </span>
     <span class='ocr_line' id='line_1_25' title="bbox 209 2902 1336 2969; baseline 0.001 -2"><span class='ocrx_word' id='word_1_201' title='bbox 209 2903 391 2969; x_wconf 89' lang='lat' dir='ltr'>noshano</span> <span class='ocrx_word' id='word_1_202' title='bbox 406 2902 742 2968; x_wconf 83' lang='lat' dir='ltr'>consuetudinem</span> <span class='ocrx_word' id='word_1_203' title='bbox 759 2907 833 2969; x_wconf 92' lang='lat' dir='ltr'>non</span> <span class='ocrx_word' id='word_1_204' title='bbox 850 2903 1045 2968; x_wconf 90' lang='lat' dir='ltr'>babemus</span> <span class='ocrx_word' id='word_1_205' title='bbox 1065 2921 1134 2968; x_wconf 90' lang='lat' dir='ltr'>neo</span> <span class='ocrx_word' id='word_1_206' title='bbox 1154 2903 1336 2969; x_wconf 83' lang='lat' dir='ltr'>ecelesia</span> 
     </span>
    </p>

    <p class='ocr_par' dir='ltr' id='par_1_6' title="bbox 158 3006 1382 3093">
     <span class='ocr_line' id='line_1_26' title="bbox 158 3006 1382 3093; baseline -0.002 -20"><span class='ocrx_word' id='word_1_207' title='bbox 158 3008 282 3073; x_wconf 83' lang='lat' dir='ltr'>12dei.</span> <span class='ocrx_word' id='word_1_208' title='bbox 315 3009 392 3072; x_wconf 86' lang='lat' dir='ltr'>haee</span> <span class='ocrx_word' id='word_1_209' title='bbox 419 3007 488 3073; x_wconf 90' lang='lat' dir='ltr'>ideo</span> <span class='ocrx_word' id='word_1_210' title='bbox 516 3007 667 3085; x_wconf 65' lang='lat' dir='ltr'>breuiten‘</span> <span class='ocrx_word' id='word_1_211' title='bbox 692 3006 764 3089; x_wconf 88' lang='lat' dir='ltr'>quia</span> <span class='ocrx_word' id='word_1_212' title='bbox 791 3027 846 3077; x_wconf 83' lang='lat' dir='ltr'>neo</span> <span class='ocrx_word' id='word_1_213' title='bbox 870 3007 1154 3093; x_wconf 72' lang='lat' dir='ltr'>ambigi&#39;eonuenit</span> <span class='ocrx_word' id='word_1_214' title='bbox 1177 3007 1214 3072; x_wconf 95' lang='lat' dir='ltr'>de</span> <span class='ocrx_word' id='word_1_215' title='bbox 1236 3009 1334 3074; x_wconf 90' lang='lat' dir='ltr'>rebus</span> <span class='ocrx_word' id='word_1_216' title='bbox 1354 3029 1382 3070; x_wconf 83' lang='lat' dir='ltr'>ae</span> 
     </span>
    </p>
   </div>
   <div class='ocr_carea' id='block_1_3' title="bbox 298 3212 842 3284">
    <p class='ocr_par' dir='ltr' id='par_1_7' title="bbox 298 3212 842 3284">
     <span class='ocr_line' id='line_1_27' title="bbox 298 3212 842 3284; baseline -0.002 -14"><span class='ocrx_word' id='word_1_217' title='bbox 298 3216 313 3270; x_wconf 86' lang='grc'><strong>7</strong></span> <span class='ocrx_word' id='word_1_218' title='bbox 331 3214 493 3284; x_wconf 76' lang='lat' dir='ltr'>Philippa,</span> <span class='ocrx_word' id='word_1_219' title='bbox 512 3215 528 3267; x_wconf 82' lang='grc'>7</span> <span class='ocrx_word' id='word_1_220' title='bbox 582 3215 617 3268; x_wconf 88' lang='grc'>24</span> <span class='ocrx_word' id='word_1_221' title='bbox 635 3212 695 3269; x_wconf 80' lang='lat' dir='ltr'>Gor.</span> <span class='ocrx_word' id='word_1_222' title='bbox 713 3214 728 3268; x_wconf 94' lang='lat' dir='ltr'>I</span> <span class='ocrx_word' id='word_1_223' title='bbox 747 3214 788 3279; x_wconf 86' lang='lat'>11,</span> <span class='ocrx_word' id='word_1_224' title='bbox 809 3215 842 3269; x_wconf 83' lang='lat' dir='ltr'>lo</span> 
     </span>
    </p>
   </div>
   <div class='ocr_carea' id='block_1_4' title="bbox 208 3337 1340 3674">
    <p class='ocr_par' dir='ltr' id='par_1_8' title="bbox 208 3337 1340 3674">
     <span class='ocr_line' id='line_1_28' title="bbox 243 3337 1339 3407; baseline 0 -14"><span class='ocrx_word' id='word_1_225' title='bbox 243 3340 451 3394; x_wconf 86' lang='lat' dir='ltr'>3rennueutem</span> <span class='ocrx_word' id='word_1_226' title='bbox 474 3337 503 3391; x_wconf 99' lang='lat' dir='ltr'><strong><em>V</em></strong></span> <span class='ocrx_word' id='word_1_227' title='bbox 533 3338 641 3402; x_wconf 76' lang='lat' dir='ltr'>lulius,</span> <span class='ocrx_word' id='word_1_228' title='bbox 661 3338 734 3407; x_wconf 74' lang='lat' dir='ltr'>quod</span> <span class='ocrx_word' id='word_1_229' title='bbox 750 3338 828 3392; x_wconf 70' lang='lat' dir='ltr'>unde</span> <span class='ocrx_word' id='word_1_230' title='bbox 843 3337 952 3402; x_wconf 70' lang='lat' dir='ltr'>resoluat,</span> <span class='ocrx_word' id='word_1_231' title='bbox 966 3337 1002 3392; x_wconf 90' lang='lat' dir='ltr'>V:</span> <span class='ocrx_word' id='word_1_232' title='bbox 1021 3354 1071 3393; x_wconf 85' lang='lat' dir='ltr'>om.</span> <span class='ocrx_word' id='word_1_233' title='bbox 1090 3338 1170 3407; x_wconf 76' lang='lat' dir='ltr'>Hiap</span> <span class='ocrx_word' id='word_1_234' title='bbox 1207 3337 1339 3393; x_wconf 74' lang='lat' dir='ltr'>texina·</span> 
     </span>
     <span class='ocr_line' id='line_1_29' title="bbox 208 3425 1338 3500; baseline 0 -18"><span class='ocrx_word' id='word_1_235' title='bbox 208 3427 280 3482; x_wconf 88' lang='lat' dir='ltr'>uiuit</span> <span class='ocrx_word' id='word_1_236' title='bbox 297 3431 383 3490; x_wconf 86' lang='lat' dir='ltr'>semet</span> <span class='ocrx_word' id='word_1_237' title='bbox 399 3427 486 3500; x_wconf 88' lang='lat' dir='ltr'>ipsum</span> <span class='ocrx_word' id='word_1_238' title='bbox 506 3426 645 3480; x_wconf 81' lang='lat' dir='ltr'>formama&#39;</span> <span class='ocrx_word' id='word_1_239' title='bbox 711 3427 843 3480; x_wconf 84' lang='lat' dir='ltr'>9soimus</span> <span class='ocrx_word' id='word_1_240' title='bbox 861 3427 902 3481; x_wconf 79' lang='lat' dir='ltr'>bis</span> <span class='ocrx_word' id='word_1_241' title='bbox 924 3426 951 3481; x_wconf 94' lang='lat' dir='ltr'><strong><em>V</em></strong></span> <span class='ocrx_word' id='word_1_242' title='bbox 1011 3427 1141 3481; x_wconf 81' lang='lat' dir='ltr'>Idunum</span> <span class='ocrx_word' id='word_1_243' title='bbox 1159 3425 1229 3480; x_wconf 89' lang='lat' dir='ltr'>enim</span> <span class='ocrx_word' id='word_1_244' title='bbox 1248 3427 1338 3496; x_wconf 85' lang='lat' dir='ltr'>patris</span> 
     </span>
     <span class='ocr_line' id='line_1_30' title="bbox 208 3510 1338 3597; baseline 0 -28"><span class='ocrx_word' id='word_1_245' title='bbox 208 3517 296 3597; x_wconf 87' lang='lat' dir='ltr'>profit</span> <span class='ocrx_word' id='word_1_246' title='bbox 316 3532 373 3570; x_wconf 89' lang='lat' dir='ltr'>esse</span> <span class='ocrx_word' id='word_1_247' title='bbox 390 3531 529 3585; x_wconf 87' lang='lat' dir='ltr'>personam</span> <span class='ocrx_word' id='word_1_248' title='bbox 548 3531 598 3570; x_wconf 90' lang='lat' dir='ltr'>om</span> <span class='ocrx_word' id='word_1_249' title='bbox 615 3510 649 3569; x_wconf 88' lang='lat' dir='ltr'><strong><em>V</em></strong></span> <span class='ocrx_word' id='word_1_250' title='bbox 716 3515 750 3569; x_wconf 83' lang='lat'>12</span> <span class='ocrx_word' id='word_1_251' title='bbox 766 3513 939 3591; x_wconf 82' lang='lat' dir='ltr'>inseparabili</span> <span class='ocrx_word' id='word_1_252' title='bbox 962 3514 988 3568; x_wconf 94' lang='lat' dir='ltr'><strong><em>V</em></strong></span> <span class='ocrx_word' id='word_1_253' title='bbox 1056 3515 1089 3569; x_wconf 87' lang='lat'>14</span> <span class='ocrx_word' id='word_1_254' title='bbox 1106 3515 1198 3568; x_wconf 84' lang='lat' dir='ltr'>mattis</span> <span class='ocrx_word' id='word_1_255' title='bbox 1222 3514 1259 3569; x_wconf 93' lang='lat' dir='ltr'>V:</span> <span class='ocrx_word' id='word_1_256' title='bbox 1280 3516 1338 3570; x_wconf 91' lang='lat' dir='ltr'>uir-</span> 
     </span>
     <span class='ocr_line' id='line_1_31' title="bbox 209 3601 1340 3674; baseline 0.002 -17"><span class='ocrx_word' id='word_1_257' title='bbox 209 3605 280 3674; x_wconf 79' lang='lat' dir='ltr'>ginis</span> <span class='ocrx_word' id='word_1_258' title='bbox 292 3603 374 3672; x_wconf 76' lang='lat' dir='ltr'>Hiap.</span> <span class='ocrx_word' id='word_1_259' title='bbox 413 3605 446 3659; x_wconf 88' lang='lat'>15</span> <span class='ocrx_word' id='word_1_260' title='bbox 465 3605 554 3674; x_wconf 83' lang='lat' dir='ltr'>posta</span> <span class='ocrx_word' id='word_1_261' title='bbox 568 3620 596 3657; x_wconf 90' lang='lat' dir='ltr'>se</span> <span class='ocrx_word' id='word_1_262' title='bbox 613 3604 685 3657; x_wconf 85' lang='lat' dir='ltr'>intra</span> <span class='ocrx_word' id='word_1_263' title='bbox 702 3603 811 3658; x_wconf 85' lang='lat' dir='ltr'>uuluam</span> <span class='ocrx_word' id='word_1_264' title='bbox 828 3608 983 3658; x_wconf 86' lang='lat' dir='ltr'>naturarum</span> <span class='ocrx_word' id='word_1_265' title='bbox 1002 3606 1134 3673; x_wconf 86' lang='lat' dir='ltr'>(naturam</span> <span class='ocrx_word' id='word_1_266' title='bbox 1160 3601 1193 3670; x_wconf 84' lang='lat' dir='ltr'>V)</span> <span class='ocrx_word' id='word_1_267' title='bbox 1211 3602 1340 3660; x_wconf 85' lang='lat' dir='ltr'>unitione</span> 
     </span>
    </p>
   </div>
   <div class='ocr_carea' id='block_1_5' title="bbox 208 3705 1342 4054">
    <p class='ocr_par' dir='ltr' id='par_1_9' title="bbox 208 3705 1342 4054">
     <span class='ocr_line' id='line_1_32' title="bbox 210 3705 1341 3789; baseline 0.002 -17"><span class='ocrx_word' id='word_1_268' title='bbox 210 3705 325 3773; x_wconf 84' lang='lat' dir='ltr'>diuisum</span> <span class='ocrx_word' id='word_1_269' title='bbox 347 3719 373 3773; x_wconf 94' lang='lat' dir='ltr'><strong><em>V</em></strong></span> <span class='ocrx_word' id='word_1_270' title='bbox 395 3716 494 3776; x_wconf 65' lang='lat' dir='ltr'>Geram</span> <span class='ocrx_word' id='word_1_271' title='bbox 518 3717 666 3788; x_wconf 81' lang='lat' dir='ltr'>aposteori&#39;e</span> <span class='ocrx_word' id='word_1_272' title='bbox 691 3718 862 3789; x_wconf 85' lang='lat' dir='ltr'>(apostetrioe</span> <span class='ocrx_word' id='word_1_273' title='bbox 883 3717 914 3784; x_wconf 76' lang='lat' dir='ltr'>i²‚</span> <span class='ocrx_word' id='word_1_274' title='bbox 938 3719 1056 3789; x_wconf 83' lang='lat' dir='ltr'>postarie</span> <span class='ocrx_word' id='word_1_275' title='bbox 1079 3718 1112 3788; x_wconf 62' lang='grc' dir='ltr'><strong>ι’)</strong></span> <span class='ocrx_word' id='word_1_276' title='bbox 1137 3717 1239 3772; x_wconf 79' lang='lat' dir='ltr'>facturn</span> <span class='ocrx_word' id='word_1_277' title='bbox 1263 3719 1341 3774; x_wconf 87' lang='lat' dir='ltr'>intra</span> 
     </span>
     <span class='ocr_line' id='line_1_33' title="bbox 209 3800 1342 3877; baseline 0.002 -18"><span class='ocrx_word' id='word_1_278' title='bbox 209 3805 318 3862; x_wconf 87' lang='lat' dir='ltr'>uuluam</span> <span class='ocrx_word' id='word_1_279' title='bbox 335 3800 489 3861; x_wconf 82' lang='lat' dir='ltr'>naturarum</span> <span class='ocrx_word' id='word_1_280' title='bbox 505 3807 653 3860; x_wconf 86' lang='lat' dir='ltr'>munitione</span> <span class='ocrx_word' id='word_1_281' title='bbox 672 3805 818 3872; x_wconf 71' lang='lat' dir='ltr'>diuisum,</span> <span class='ocrx_word' id='word_1_282' title='bbox 837 3810 899 3877; x_wconf 86' lang='lat' dir='ltr'>post</span> <span class='ocrx_word' id='word_1_283' title='bbox 918 3824 934 3861; x_wconf 89' lang='lat' dir='ltr'>a</span> <span class='ocrx_word' id='word_1_284' title='bbox 951 3824 979 3860; x_wconf 91' lang='lat' dir='ltr'>se</span> <span class='ocrx_word' id='word_1_285' title='bbox 996 3807 1068 3861; x_wconf 85' lang='lat' dir='ltr'>intra</span> <span class='ocrx_word' id='word_1_286' title='bbox 1085 3807 1193 3861; x_wconf 87' lang='lat' dir='ltr'>uuluam</span> <span class='ocrx_word' id='word_1_287' title='bbox 1210 3809 1342 3861; x_wconf 84' lang='lat' dir='ltr'>naturam</span> 
     </span>
     <span class='ocr_line' id='line_1_34' title="bbox 209 3893 1342 3968; baseline 0.002 -20"><span class='ocrx_word' id='word_1_288' title='bbox 209 3893 330 3948; x_wconf 85' lang='lat' dir='ltr'>unitione</span> <span class='ocrx_word' id='word_1_289' title='bbox 349 3893 472 3954; x_wconf 82' lang='lat' dir='ltr'>diuisam</span> <span class='ocrx_word' id='word_1_290' title='bbox 482 3913 506 3961; x_wconf 83' lang='grc' dir='ltr'>ο,</span> <span class='ocrx_word' id='word_1_291' title='bbox 523 3897 586 3968; x_wconf 86' lang='lat' dir='ltr'>post</span> <span class='ocrx_word' id='word_1_292' title='bbox 599 3911 615 3948; x_wconf 89' lang='grc' dir='ltr'>ιι</span> <span class='ocrx_word' id='word_1_293' title='bbox 628 3911 657 3948; x_wconf 91' lang='lat' dir='ltr'>se</span> <span class='ocrx_word' id='word_1_294' title='bbox 674 3895 746 3948; x_wconf 87' lang='lat' dir='ltr'>intra</span> <span class='ocrx_word' id='word_1_295' title='bbox 764 3896 871 3949; x_wconf 84' lang='lat' dir='ltr'>uuluam</span> <span class='ocrx_word' id='word_1_296' title='bbox 888 3898 1044 3950; x_wconf 87' lang='lat' dir='ltr'>naturarum</span> <span class='ocrx_word' id='word_1_297' title='bbox 1057 3895 1205 3949; x_wconf 86' lang='lat' dir='ltr'>unitionem</span> <span class='ocrx_word' id='word_1_298' title='bbox 1219 3894 1342 3950; x_wconf 85' lang='lat' dir='ltr'>diuisum</span> 
     </span>
     <span class='ocr_line' id='line_1_35' title="bbox 208 3981 1342 4054; baseline 0.002 -19"><span class='ocrx_word' id='word_1_299' title='bbox 208 3981 297 4036; x_wconf 78' lang='lat' dir='ltr'>Lato.</span> <span class='ocrx_word' id='word_1_300' title='bbox 380 3984 412 4037; x_wconf 87' lang='grc'>16</span> <span class='ocrx_word' id='word_1_301' title='bbox 431 3983 503 4036; x_wconf 88' lang='lat' dir='ltr'>siout</span> <span class='ocrx_word' id='word_1_302' title='bbox 519 3999 573 4036; x_wconf 89' lang='lat' dir='ltr'>non</span> <span class='ocrx_word' id='word_1_303' title='bbox 591 3986 633 4037; x_wconf 83' lang='lat' dir='ltr'>eat</span> <span class='ocrx_word' id='word_1_304' title='bbox 650 3983 678 4036; x_wconf 90' lang='lat' dir='ltr'>in</span> <span class='ocrx_word' id='word_1_305' title='bbox 696 3999 746 4037; x_wconf 88' lang='lat' dir='ltr'>om.</span> <span class='ocrx_word' id='word_1_306' title='bbox 771 3982 797 4036; x_wconf 94' lang='lat' dir='ltr'><strong><em>V</em></strong></span> <span class='ocrx_word' id='word_1_307' title='bbox 872 3985 905 4037; x_wconf 79' lang='lat'>17</span> <span class='ocrx_word' id='word_1_308' title='bbox 922 4001 975 4038; x_wconf 90' lang='lat' dir='ltr'>nou</span> <span class='ocrx_word' id='word_1_309' title='bbox 996 3987 1037 4044; x_wconf 79' lang='lat' dir='ltr'>est</span> <span class='ocrx_word' id='word_1_310' title='bbox 1055 3982 1218 4054; x_wconf 83' lang='lat' dir='ltr'>inpassibilis</span> <span class='ocrx_word' id='word_1_311' title='bbox 1238 3982 1342 4038; x_wconf 90' lang='lat' dir='ltr'>diuini-</span> 
     </span>
    </p>
   </div>
   <div class='ocr_carea' id='block_1_6' title="bbox 208 4069 1341 4228">
    <p class='ocr_par' dir='ltr' id='par_1_10' title="bbox 208 4069 1341 4228">
     <span class='ocr_line' id='line_1_36' title="bbox 208 4069 1341 4154; baseline 0.004 -31"><span class='ocrx_word' id='word_1_312' title='bbox 208 4076 251 4136; x_wconf 82' lang='lat' dir='ltr'>tas</span> <span class='ocrx_word' id='word_1_313' title='bbox 273 4069 801 4154; x_wconf 41' lang='lat' dir='ltr'>Vi:etimpass.1din.nonestGone.</span> <span class='ocrx_word' id='word_1_314' title='bbox 856 4073 890 4126; x_wconf 89' lang='grc'>20</span> <span class='ocrx_word' id='word_1_315' title='bbox 909 4072 1089 4125; x_wconf 82' lang='lat' dir='ltr'>ascensionem</span> <span class='ocrx_word' id='word_1_316' title='bbox 1113 4071 1139 4125; x_wconf 94' lang='lat' dir='ltr'><strong><em>V</em></strong></span> <span class='ocrx_word' id='word_1_317' title='bbox 1187 4071 1222 4123; x_wconf 93' lang='grc'>22</span> <span class='ocrx_word' id='word_1_318' title='bbox 1242 4071 1341 4127; x_wconf 85' lang='lat' dir='ltr'>obten-</span> 
     </span>
     <span class='ocr_line' id='line_1_37' title="bbox 210 4158 704 4228; baseline 0 -18"><span class='ocrx_word' id='word_1_319' title='bbox 210 4158 277 4211; x_wconf 92' lang='lat' dir='ltr'>dunt</span> <span class='ocrx_word' id='word_1_320' title='bbox 293 4159 375 4227; x_wconf 80' lang='lat' dir='ltr'>Hiap.</span> <span class='ocrx_word' id='word_1_321' title='bbox 429 4159 462 4212; x_wconf 88' lang='grc'>23</span> <span class='ocrx_word' id='word_1_322' title='bbox 482 4158 658 4228; x_wconf 87' lang='lat' dir='ltr'>apostalioum</span> <span class='ocrx_word' id='word_1_323' title='bbox 678 4159 704 4210; x_wconf 90' lang='lat' dir='ltr'><strong><em>V</em></strong></span> 
     </span>
    </p>
   </div>
   <div class='ocr_carea' id='block_1_7' title="bbox 0 0 1436 4620">
    <p class='ocr_par' dir='ltr' id='par_1_11' title="bbox 0 0 1436 4620">
     <span class='ocr_line' id='line_1_38' title="bbox 0 0 1436 4620; baseline 0 0"><span class='ocrx_word' id='word_1_324' title='bbox 0 0 1436 4620; x_wconf 95' lang='lat' dir='ltr'> </span> 
     </span>
    </p>
   </div>
  </div>
 </body>
</html>
