<?xml version="1.0" encoding="UTF-8"?>
<!DOCTYPE html PUBLIC "-//W3C//DTD XHTML 1.0 Transitional//EN"
    "http://www.w3.org/TR/xhtml1/DTD/xhtml1-transitional.dtd">
<html xmlns="http://www.w3.org/1999/xhtml" xml:lang="en" lang="en">
 <head>
  <title>
</title>
<meta http-equiv="Content-Type" content="text/html;charset=utf-8" />
  <meta name='ocr-system' content='tesseract 3.04.00' />
  <meta name='ocr-capabilities' content='ocr_page ocr_carea ocr_par ocr_line ocrx_word'/>
</head>
<body>
  <div class='ocr_page' id='page_1' title='image "./epistulaeimpera00gngoog_0216.png"; bbox 0 0 2902 4628; ppageno 0'>
   <div class='ocr_carea' id='block_1_1' title="bbox 569 297 1293 381">
    <p class='ocr_par' dir='ltr' id='par_1_1' title="bbox 569 297 1293 381">
     <span class='ocr_line' id='line_1_1' title="bbox 569 297 1293 381; baseline 0.004 -18"><span class='ocrx_word' id='word_1_1' title='bbox 569 309 654 381; x_wconf 63' lang='lat' dir='ltr'>npetu</span> <span class='ocrx_word' id='word_1_2' title='bbox 672 307 912 366; x_wconf 78' lang='lat' dir='ltr'>comma-ra.</span> <span class='ocrx_word' id='word_1_3' title='bbox 1025 297 1037 355; x_wconf 77' lang='lat' dir='ltr'>s</span> <span class='ocrx_word' id='word_1_4' title='bbox 1230 317 1293 381; x_wconf 79' lang='lat'>699</span> 
     </span>
    </p>
   </div>
   <div class='ocr_carea' id='block_1_2' title="bbox 107 502 1381 3225">
    <p class='ocr_par' dir='ltr' id='par_1_2' title="bbox 117 502 1345 1433">
     <span class='ocr_line' id='line_1_2' title="bbox 184 502 1293 582; baseline 0.004 -16"><span class='ocrx_word' id='word_1_5' title='bbox 184 505 216 566; x_wconf 87' lang='lat' dir='ltr'>et</span> <span class='ocrx_word' id='word_1_6' title='bbox 250 503 315 567; x_wconf 89' lang='lat' dir='ltr'>fore</span> <span class='ocrx_word' id='word_1_7' title='bbox 355 502 496 567; x_wconf 89' lang='lat' dir='ltr'>homines</span> <span class='ocrx_word' id='word_1_8' title='bbox 537 502 587 567; x_wconf 88' lang='lat' dir='ltr'>sui</span> <span class='ocrx_word' id='word_1_9' title='bbox 622 505 742 568; x_wconf 90' lang='lat' dir='ltr'>tantum</span> <span class='ocrx_word' id='word_1_10' title='bbox 780 506 942 582; x_wconf 87' lang='lat' dir='ltr'>amatores,</span> <span class='ocrx_word' id='word_1_11' title='bbox 979 505 1127 570; x_wconf 86' lang='lat' dir='ltr'>babentes</span> <span class='ocrx_word' id='word_1_12' title='bbox 1162 506 1293 571; x_wconf 87' lang='lat' dir='ltr'>formam</span> 
     </span>
     <span class='ocr_line' id='line_1_3' title="bbox 182 607 1293 693; baseline 0.007 -22"><span class='ocrx_word' id='word_1_13' title='bbox 182 607 315 689; x_wconf 83' lang='lat' dir='ltr'>pietatis,</span> <span class='ocrx_word' id='word_1_14' title='bbox 335 608 484 673; x_wconf 87' lang='lat' dir='ltr'>uirtutem</span> <span class='ocrx_word' id='word_1_15' title='bbox 503 612 607 674; x_wconf 86' lang='lat' dir='ltr'>autem</span> <span class='ocrx_word' id='word_1_16' title='bbox 627 609 694 673; x_wconf 87' lang='lat' dir='ltr'>eius</span> <span class='ocrx_word' id='word_1_17' title='bbox 713 610 911 693; x_wconf 77' lang='lat' dir='ltr'>abnegantes,</span> <span class='ocrx_word' id='word_1_18' title='bbox 928 611 1034 693; x_wconf 90' lang='lat' dir='ltr'>itaque</span> <span class='ocrx_word' id='word_1_19' title='bbox 1052 630 1122 676; x_wconf 83' lang='lat' dir='ltr'>esse</span> <span class='ocrx_word' id='word_1_20' title='bbox 1140 611 1293 679; x_wconf 89' lang='lat' dir='ltr'>uitandos.</span> 
     </span>
     <span class='ocr_line' id='line_1_4' title="bbox 181 710 1345 784; baseline 0.003 -9"><span class='ocrx_word' id='word_1_21' title='bbox 181 710 254 778; x_wconf 86' lang='lat' dir='ltr'>baec</span> <span class='ocrx_word' id='word_1_22' title='bbox 280 714 351 778; x_wconf 89' lang='lat' dir='ltr'>ideo</span> <span class='ocrx_word' id='word_1_23' title='bbox 380 713 538 779; x_wconf 79' lang='lat' dir='ltr'>dilectioni</span> <span class='ocrx_word' id='word_1_24' title='bbox 564 716 688 779; x_wconf 87' lang='lat' dir='ltr'>uestrae</span> <span class='ocrx_word' id='word_1_25' title='bbox 714 714 879 780; x_wconf 83' lang='lat' dir='ltr'>indicando</span> <span class='ocrx_word' id='word_1_26' title='bbox 904 717 963 780; x_wconf 89' lang='lat' dir='ltr'>sub</span> <span class='ocrx_word' id='word_1_27' title='bbox 991 717 1169 784; x_wconf 85' lang='lat' dir='ltr'>occassione</span> <span class='ocrx_word' id='word_1_28' title='bbox 1196 714 1345 783; x_wconf 88' lang='lat' dir='ltr'>credi-10</span> 
     </span>
     <span class='ocr_line' id='line_1_5' title="bbox 185 817 1293 906; baseline 0.007 -25"><span class='ocrx_word' id='word_1_29' title='bbox 185 817 292 898; x_wconf 88' lang='lat' dir='ltr'>dimus,</span> <span class='ocrx_word' id='word_1_30' title='bbox 301 838 350 899; x_wconf 90' lang='lat' dir='ltr'>ne,</span> <span class='ocrx_word' id='word_1_31' title='bbox 364 818 394 885; x_wconf 90' lang='lat' dir='ltr'>si</span> <span class='ocrx_word' id='word_1_32' title='bbox 405 819 482 884; x_wconf 91' lang='lat' dir='ltr'>illuc</span> <span class='ocrx_word' id='word_1_33' title='bbox 496 819 611 884; x_wconf 81' lang='lat' dir='ltr'>fuerint</span> <span class='ocrx_word' id='word_1_34' title='bbox 624 819 703 885; x_wconf 86' lang='lat' dir='ltr'>forte</span> <span class='ocrx_word' id='word_1_35' title='bbox 718 820 822 898; x_wconf 89' lang='lat' dir='ltr'>delati,</span> <span class='ocrx_word' id='word_1_36' title='bbox 832 821 1022 906; x_wconf 79' lang='lat' dir='ltr'>ignorantes,</span> <span class='ocrx_word' id='word_1_37' title='bbox 1032 823 1293 904; x_wconf 89' lang='lat' dir='ltr'>quemadmodum</span> 
     </span>
     <span class='ocr_line' id='line_1_6' title="bbox 117 925 1294 1011; baseline 0.008 -25"><span class='ocrx_word' id='word_1_38' title='bbox 117 934 139 975; x_wconf 78' lang='lat'><strong>⁶</strong></span> <span class='ocrx_word' id='word_1_39' title='bbox 185 942 212 989; x_wconf 89' lang='lat' dir='ltr'>oe</span> <span class='ocrx_word' id='word_1_40' title='bbox 232 926 264 990; x_wconf 93' lang='lat' dir='ltr'>in</span> <span class='ocrx_word' id='word_1_41' title='bbox 287 925 427 991; x_wconf 84' lang='lat' dir='ltr'>Romane</span> <span class='ocrx_word' id='word_1_42' title='bbox 448 926 523 990; x_wconf 88' lang='lat' dir='ltr'>urbe</span> <span class='ocrx_word' id='word_1_43' title='bbox 545 926 756 1004; x_wconf 76' lang='lat' dir='ltr'>tractauerint</span> <span class='ocrx_word' id='word_1_44' title='bbox 781 927 839 992; x_wconf 90' lang='lat' dir='ltr'>sub</span> <span class='ocrx_word' id='word_1_45' title='bbox 862 927 966 1011; x_wconf 83' lang='lat' dir='ltr'>alique</span> <span class='ocrx_word' id='word_1_46' title='bbox 982 928 1149 994; x_wconf 89' lang='lat' dir='ltr'>uerborum</span> <span class='ocrx_word' id='word_1_47' title='bbox 1167 929 1294 995; x_wconf 87' lang='lat' dir='ltr'>simula·</span> 
     </span>
     <span class='ocr_line' id='line_1_7' title="bbox 182 1029 1293 1114; baseline 0.007 -21"><span class='ocrx_word' id='word_1_48' title='bbox 182 1029 259 1096; x_wconf 87' lang='lat' dir='ltr'>tione</span> <span class='ocrx_word' id='word_1_49' title='bbox 283 1031 470 1114; x_wconf 88' lang='lat' dir='ltr'>deciperent.</span> <span class='ocrx_word' id='word_1_50' title='bbox 494 1031 527 1095; x_wconf 93' lang='lat' dir='ltr'>bi</span> <span class='ocrx_word' id='word_1_51' title='bbox 548 1050 633 1110; x_wconf 90' lang='lat' dir='ltr'>uero,</span> <span class='ocrx_word' id='word_1_52' title='bbox 657 1050 735 1114; x_wconf 87' lang='lat' dir='ltr'>quoe</span> <span class='ocrx_word' id='word_1_53' title='bbox 757 1051 815 1098; x_wconf 86' lang='lat' dir='ltr'>uos</span> <span class='ocrx_word' id='word_1_54' title='bbox 838 1033 876 1097; x_wconf 94' lang='lat' dir='ltr'>de</span> <span class='ocrx_word' id='word_1_55' title='bbox 898 1033 1008 1098; x_wconf 79' lang='lat' dir='ltr'>Fausti</span> <span class='ocrx_word' id='word_1_56' title='bbox 1026 1034 1190 1100; x_wconf 84' lang='lat' dir='ltr'>cuiusdam</span> <span class='ocrx_word' id='word_1_57' title='bbox 1208 1035 1293 1101; x_wconf 81' lang='lat' dir='ltr'>Galli</span> 
     </span>
     <span class='ocr_line' id='line_1_8' title="bbox 179 1137 1290 1223; baseline 0.007 -27"><span class='ocrx_word' id='word_1_58' title='bbox 179 1138 327 1202; x_wconf 89' lang='lat' dir='ltr'>antistitis</span> <span class='ocrx_word' id='word_1_59' title='bbox 342 1137 435 1202; x_wconf 86' lang='lat' dir='ltr'>dictis</span> <span class='ocrx_word' id='word_1_60' title='bbox 451 1138 645 1203; x_wconf 82' lang='lat' dir='ltr'>consuluisse</span> <span class='ocrx_word' id='word_1_61' title='bbox 658 1138 772 1203; x_wconf 89' lang='lat' dir='ltr'>litteris</span> <span class='ocrx_word' id='word_1_62' title='bbox 790 1138 964 1217; x_wconf 84' lang='lat' dir='ltr'>indicastis,</span> <span class='ocrx_word' id='word_1_63' title='bbox 979 1139 1013 1203; x_wconf 96' lang='lat' dir='ltr'>id</span> <span class='ocrx_word' id='word_1_64' title='bbox 1031 1139 1092 1205; x_wconf 91' lang='lat' dir='ltr'>sibi</span> <span class='ocrx_word' id='word_1_65' title='bbox 1109 1159 1290 1223; x_wconf 87' lang='lat' dir='ltr'>responsum</span> 
     </span>
     <span class='ocr_line' id='line_1_9' title="bbox 175 1237 1292 1326; baseline 0.002 -17"><span class='ocrx_word' id='word_1_66' title='bbox 175 1237 310 1309; x_wconf 83' lang='lat' dir='ltr'>habeant</span> <span class='ocrx_word' id='word_1_67' title='bbox 335 1261 436 1325; x_wconf 88' lang='lat' dir='ltr'>neque</span> <span class='ocrx_word' id='word_1_68' title='bbox 462 1243 553 1308; x_wconf 85' lang='lat' dir='ltr'>illum</span> <span class='ocrx_word' id='word_1_69' title='bbox 575 1262 675 1325; x_wconf 88' lang='lat' dir='ltr'>neque</span> <span class='ocrx_word' id='word_1_70' title='bbox 698 1262 896 1326; x_wconf 84' lang='lat' dir='ltr'>quemquem,</span> <span class='ocrx_word' id='word_1_71' title='bbox 920 1263 999 1326; x_wconf 87' lang='lat' dir='ltr'>quos</span> <span class='ocrx_word' id='word_1_72' title='bbox 1019 1245 1052 1310; x_wconf 93' lang='lat' dir='ltr'>in</span> <span class='ocrx_word' id='word_1_73' title='bbox 1074 1247 1292 1313; x_wconf 85' lang='lat' dir='ltr'>auctoritatem</span> 
     </span>
     <span class='ocr_line' id='line_1_10' title="bbox 168 1349 1291 1433; baseline 0.004 -19"><span class='ocrx_word' id='word_1_74' title='bbox 168 1354 300 1426; x_wconf 84' lang='lat' dir='ltr'>patrum</span> <span class='ocrx_word' id='word_1_75' title='bbox 321 1369 383 1414; x_wconf 93' lang='lat' dir='ltr'>non</span> <span class='ocrx_word' id='word_1_76' title='bbox 405 1349 518 1433; x_wconf 82' lang='lat' dir='ltr'>recipit</span> <span class='ocrx_word' id='word_1_77' title='bbox 540 1359 682 1428; x_wconf 83' lang='lat' dir='ltr'>examen,</span> <span class='ocrx_word' id='word_1_78' title='bbox 698 1350 869 1415; x_wconf 86' lang='lat' dir='ltr'>catholicae</span> <span class='ocrx_word' id='word_1_79' title='bbox 886 1350 964 1426; x_wconf 86' lang='lat' dir='ltr'>fidei</span> <span class='ocrx_word' id='word_1_80' title='bbox 987 1353 1041 1416; x_wconf 88' lang='lat' dir='ltr'>aut</span> <span class='ocrx_word' id='word_1_81' title='bbox 1063 1353 1291 1418; x_wconf 84' lang='lat' dir='ltr'>ecclesiasticae</span> 
     </span>
    </p>

    <p class='ocr_par' dir='ltr' id='par_1_3' title="bbox 107 1451 1292 1958">
     <span class='ocr_line' id='line_1_11' title="bbox 107 1451 1291 1543; baseline 0.006 -26"><span class='ocrx_word' id='word_1_82' title='bbox 107 1460 139 1500; x_wconf 74' lang='lat'>&#39;·0</span> <span class='ocrx_word' id='word_1_83' title='bbox 166 1451 358 1540; x_wconf 83' lang='lat' dir='ltr'>disciplinae</span> <span class='ocrx_word' id='word_1_84' title='bbox 385 1455 623 1540; x_wconf 84' lang='lat' dir='ltr'>ambiguitatem</span> <span class='ocrx_word' id='word_1_85' title='bbox 649 1471 742 1538; x_wconf 88' lang='lat' dir='ltr'>posse</span> <span class='ocrx_word' id='word_1_86' title='bbox 769 1455 895 1541; x_wconf 79' lang='lat' dir='ltr'>gignere</span> <span class='ocrx_word' id='word_1_87' title='bbox 923 1459 978 1521; x_wconf 91' lang='lat' dir='ltr'>aut</span> <span class='ocrx_word' id='word_1_88' title='bbox 998 1457 1154 1541; x_wconf 82' lang='lat' dir='ltr'>religiosis</span> <span class='ocrx_word' id='word_1_89' title='bbox 1171 1455 1291 1543; x_wconf 81' lang='lat' dir='ltr'>praeiu-</span> 
     </span>
     <span class='ocr_line' id='line_1_12' title="bbox 162 1557 1292 1646; baseline 0.006 -23"><span class='ocrx_word' id='word_1_90' title='bbox 162 1557 292 1627; x_wconf 83' lang='lat' dir='ltr'>dicium</span> <span class='ocrx_word' id='word_1_91' title='bbox 319 1580 507 1646; x_wconf 87' lang='lat' dir='ltr'>comparare.</span> <span class='ocrx_word' id='word_1_92' title='bbox 535 1561 595 1627; x_wconf 85' lang='lat' dir='ltr'>fixa</span> <span class='ocrx_word' id='word_1_93' title='bbox 621 1564 694 1627; x_wconf 87' lang='lat' dir='ltr'>eunt</span> <span class='ocrx_word' id='word_1_94' title='bbox 721 1581 739 1626; x_wconf 85' lang='lat' dir='ltr'>e</span> <span class='ocrx_word' id='word_1_95' title='bbox 764 1562 916 1644; x_wconf 85' lang='lat' dir='ltr'>patribus,</span> <span class='ocrx_word' id='word_1_96' title='bbox 944 1581 1022 1645; x_wconf 84' lang='lat' dir='ltr'>quae</span> <span class='ocrx_word' id='word_1_97' title='bbox 1048 1562 1156 1628; x_wconf 86' lang='lat' dir='ltr'>fideles</span> <span class='ocrx_word' id='word_1_98' title='bbox 1180 1566 1292 1630; x_wconf 88' lang='lat' dir='ltr'>sectari</span> 
     </span>
     <span class='ocr_line' id='line_1_13' title="bbox 157 1664 1291 1752; baseline 0.004 -22"><span class='ocrx_word' id='word_1_99' title='bbox 157 1664 307 1735; x_wconf 88' lang='lat' dir='ltr'>debeant</span> <span class='ocrx_word' id='word_1_100' title='bbox 323 1664 484 1744; x_wconf 77' lang='lat' dir='ltr'>instituta3</span> <span class='ocrx_word' id='word_1_101' title='bbox 504 1667 572 1732; x_wconf 89' lang='lat' dir='ltr'>siue</span> <span class='ocrx_word' id='word_1_102' title='bbox 588 1668 804 1752; x_wconf 85' lang='lat' dir='ltr'>interpretatio</span> <span class='ocrx_word' id='word_1_103' title='bbox 818 1687 875 1733; x_wconf 89' lang='lat' dir='ltr'>seu</span> <span class='ocrx_word' id='word_1_104' title='bbox 888 1668 1075 1752; x_wconf 85' lang='lat' dir='ltr'>praedicatio</span> <span class='ocrx_word' id='word_1_105' title='bbox 1091 1688 1147 1734; x_wconf 86' lang='lat' dir='ltr'>seu</span> <span class='ocrx_word' id='word_1_106' title='bbox 1159 1671 1291 1735; x_wconf 89' lang='lat' dir='ltr'>uerbum</span> 
     </span>
     <span class='ocr_line' id='line_1_14' title="bbox 153 1770 1291 1857; baseline 0.001 -17"><span class='ocrx_word' id='word_1_107' title='bbox 153 1789 223 1852; x_wconf 84' lang='lat' dir='ltr'>pro</span> <span class='ocrx_word' id='word_1_108' title='bbox 257 1773 369 1857; x_wconf 87' lang='lat' dir='ltr'>populi</span> <span class='ocrx_word' id='word_1_109' title='bbox 400 1770 612 1838; x_wconf 83' lang='lat' dir='ltr'>aedificatione</span> <span class='ocrx_word' id='word_1_110' title='bbox 647 1773 866 1857; x_wconf 85' lang='lat' dir='ltr'>compositum,</span> <span class='ocrx_word' id='word_1_111' title='bbox 899 1774 926 1839; x_wconf 91' lang='lat' dir='ltr'>si</span> <span class='ocrx_word' id='word_1_112' title='bbox 958 1793 1029 1839; x_wconf 91' lang='lat' dir='ltr'>cum</span> <span class='ocrx_word' id='word_1_113' title='bbox 1059 1773 1121 1839; x_wconf 90' lang='lat' dir='ltr'>fide</span> <span class='ocrx_word' id='word_1_114' title='bbox 1146 1777 1233 1840; x_wconf 89' lang='lat' dir='ltr'>recta</span> <span class='ocrx_word' id='word_1_115' title='bbox 1258 1779 1291 1841; x_wconf 89' lang='lat' dir='ltr'>et</span> 
     </span>
     <span class='ocr_line' id='line_1_15' title="bbox 154 1876 1289 1958; baseline 0.005 -16"><span class='ocrx_word' id='word_1_116' title='bbox 154 1876 314 1946; x_wconf 85' lang='lat' dir='ltr'>doctrine</span> <span class='ocrx_word' id='word_1_117' title='bbox 345 1897 420 1944; x_wconf 87' lang='lat' dir='ltr'>sana</span> <span class='ocrx_word' id='word_1_118' title='bbox 451 1878 625 1957; x_wconf 87' lang='lat' dir='ltr'>concordat,</span> <span class='ocrx_word' id='word_1_119' title='bbox 653 1879 843 1958; x_wconf 86' lang='lat' dir='ltr'>admittitur,</span> <span class='ocrx_word' id='word_1_120' title='bbox 876 1879 903 1944; x_wconf 90' lang='lat' dir='ltr'>si</span> <span class='ocrx_word' id='word_1_121' title='bbox 935 1880 1101 1958; x_wconf 84' lang='lat' dir='ltr'>discordat,</span> <span class='ocrx_word' id='word_1_122' title='bbox 1138 1881 1289 1949; x_wconf 89' lang='lat' dir='ltr'>aboletur.</span> 
     </span>
    </p>

    <p class='ocr_par' dir='ltr' id='par_1_4' title="bbox 107 1984 1365 2493">
     <span class='ocr_line' id='line_1_16' title="bbox 107 1984 1288 2068; baseline 0.001 -18"><span class='ocrx_word' id='word_1_123' title='bbox 107 1989 269 2051; x_wconf 82' lang='lat' dir='ltr'>⁵unum</span> <span class='ocrx_word' id='word_1_124' title='bbox 310 1989 360 2049; x_wconf 91' lang='lat' dir='ltr'>est</span> <span class='ocrx_word' id='word_1_125' title='bbox 398 1984 644 2058; x_wconf 84' lang='lat' dir='ltr'>fundamentum,</span> <span class='ocrx_word' id='word_1_126' title='bbox 680 1987 766 2049; x_wconf 85' lang='lat' dir='ltr'>extra</span> <span class='ocrx_word' id='word_1_127' title='bbox 805 1984 888 2066; x_wconf 90' lang='lat' dir='ltr'>quod</span> <span class='ocrx_word' id='word_1_128' title='bbox 924 1985 1090 2068; x_wconf 81' lang='lat' dir='ltr'>quaelibet.</span> <span class='ocrx_word' id='word_1_129' title='bbox 1111 1986 1227 2050; x_wconf 85' lang='lat' dir='ltr'>fabrica</span> <span class='ocrx_word' id='word_1_130' title='bbox 1261 1987 1288 2051; x_wconf 86' lang='lat' dir='ltr'>si</span> 
     </span>
     <span class='ocr_line' id='line_1_17' title="bbox 153 2089 1365 2173; baseline 0.002 -19"><span class='ocrx_word' id='word_1_131' title='bbox 153 2090 343 2173; x_wconf 81' lang='lat' dir='ltr'>consurgit,</span> <span class='ocrx_word' id='word_1_132' title='bbox 374 2089 497 2154; x_wconf 87' lang='lat' dir='ltr'>infirma</span> <span class='ocrx_word' id='word_1_133' title='bbox 528 2092 592 2168; x_wconf 85' lang='lat' dir='ltr'>est;</span> <span class='ocrx_word' id='word_1_134' title='bbox 625 2109 719 2173; x_wconf 88' lang='lat' dir='ltr'>super</span> <span class='ocrx_word' id='word_1_135' title='bbox 748 2090 838 2168; x_wconf 91' lang='lat' dir='ltr'>illud,</span> <span class='ocrx_word' id='word_1_136' title='bbox 875 2090 1018 2173; x_wconf 86' lang='lat' dir='ltr'>quisquis</span> <span class='ocrx_word' id='word_1_137' title='bbox 1055 2090 1198 2157; x_wconf 87' lang='lat' dir='ltr'>aedificat</span> <span class='ocrx_word' id='word_1_138' title='bbox 1233 2111 1288 2158; x_wconf 87' lang='lat' dir='ltr'>eeu</span> <span class='ocrx_word' id='word_1_139' title='bbox 1362 2166 1365 2172; x_wconf 22' lang='lat'>¹</span> 
     </span>
     <span class='ocr_line' id='line_1_18' title="bbox 152 2187 1347 2281; baseline 0.001 -19"><span class='ocrx_word' id='word_1_140' title='bbox 152 2198 247 2262; x_wconf 87' lang='lat' dir='ltr'>uilia</span> <span class='ocrx_word' id='word_1_141' title='bbox 271 2216 328 2262; x_wconf 89' lang='lat' dir='ltr'>sen</span> <span class='ocrx_word' id='word_1_142' title='bbox 350 2196 496 2280; x_wconf 87' lang='lat' dir='ltr'>pretiosa,</span> <span class='ocrx_word' id='word_1_143' title='bbox 521 2187 704 2262; x_wconf 86' lang='lat' dir='ltr'>consideret.</span> <span class='ocrx_word' id='word_1_144' title='bbox 729 2198 810 2262; x_wconf 84' lang='lat' dir='ltr'>erret</span> <span class='ocrx_word' id='word_1_145' title='bbox 827 2197 988 2275; x_wconf 85' lang='lat' dir='ltr'>antemio,</span> <span class='ocrx_word' id='word_1_146' title='bbox 1007 2197 1061 2280; x_wconf 84' lang='lat' dir='ltr'>qui</span> <span class='ocrx_word' id='word_1_147' title='bbox 1080 2198 1176 2278; x_wconf 87' lang='lat' dir='ltr'>auia,</span> <span class='ocrx_word' id='word_1_148' title='bbox 1196 2217 1288 2281; x_wconf 83' lang='lat' dir='ltr'>quum</span> <span class='ocrx_word' id='word_1_149' title='bbox 1346 2242 1347 2245; x_wconf 52' lang='lat'><em>=</em></span> 
     </span>
     <span class='ocr_line' id='line_1_19' title="bbox 151 2287 1336 2388; baseline -0.003 -19"><span class='ocrx_word' id='word_1_150' title='bbox 151 2308 295 2385; x_wconf 86' lang='lat' dir='ltr'>patmm</span> <span class='ocrx_word' id='word_1_151' title='bbox 321 2303 434 2388; x_wconf 86' lang='lat' dir='ltr'>electio</span> <span class='ocrx_word' id='word_1_152' title='bbox 461 2287 657 2382; x_wconf 89' lang='lat' dir='ltr'>monstrauit,</span> <span class='ocrx_word' id='word_1_153' title='bbox 685 2289 846 2376; x_wconf 84' lang='lat' dir='ltr'>exorbitat.</span> <span class='ocrx_word' id='word_1_154' title='bbox 876 2322 933 2368; x_wconf 92' lang='lat' dir='ltr'>nec</span> <span class='ocrx_word' id='word_1_155' title='bbox 958 2307 1065 2368; x_wconf 89' lang='lat' dir='ltr'>tamen</span> <span class='ocrx_word' id='word_1_156' title='bbox 1096 2304 1336 2388; x_wconf 88' lang='lat' dir='ltr'>improbaturll</span> 
     </span>
     <span class='ocr_line' id='line_1_20' title="bbox 156 2395 1288 2493; baseline 0.001 -19"><span class='ocrx_word' id='word_1_157' title='bbox 156 2405 335 2493; x_wconf 79' lang='lat' dir='ltr'>diligentia</span> <span class='ocrx_word' id='word_1_158' title='bbox 347 2428 403 2491; x_wconf 89' lang='lat' dir='ltr'>per</span> <span class='ocrx_word' id='word_1_159' title='bbox 415 2411 516 2475; x_wconf 88' lang='lat' dir='ltr'>multa</span> <span class='ocrx_word' id='word_1_160' title='bbox 529 2409 703 2486; x_wconf 85' lang='lat' dir='ltr'>discurrens</span> <span class='ocrx_word' id='word_1_161' title='bbox 721 2409 777 2474; x_wconf 84' lang='lat' dir='ltr'>ced</span> <span class='ocrx_word' id='word_1_162' title='bbox 794 2409 915 2474; x_wconf 81' lang='lat' dir='ltr'>enimus</span> <span class='ocrx_word' id='word_1_163' title='bbox 934 2428 953 2475; x_wconf 93' lang='lat' dir='ltr'>a</span> <span class='ocrx_word' id='word_1_164' title='bbox 970 2395 1101 2475; x_wconf 89' lang='lat' dir='ltr'>ueritate</span> <span class='ocrx_word' id='word_1_165' title='bbox 1120 2410 1288 2476; x_wconf 83' lang='lat' dir='ltr'>declinans.</span> 
     </span>
    </p>

    <p class='ocr_par' dir='ltr' id='par_1_5' title="bbox 107 2515 1381 3022">
     <span class='ocr_line' id='line_1_21' title="bbox 107 2515 1288 2599; baseline 0.001 -20"><span class='ocrx_word' id='word_1_166' title='bbox 107 2524 131 2564; x_wconf 67' lang='grc' dir='ltr'><strong>θ</strong></span> <span class='ocrx_word' id='word_1_167' title='bbox 159 2533 263 2599; x_wconf 81' lang='lat' dir='ltr'>saepe</span> <span class='ocrx_word' id='word_1_168' title='bbox 296 2535 332 2580; x_wconf 88' lang='lat' dir='ltr'>er</span> <span class='ocrx_word' id='word_1_169' title='bbox 361 2515 418 2581; x_wconf 87' lang='lat' dir='ltr'>bie·</span> <span class='ocrx_word' id='word_1_170' title='bbox 443 2516 618 2581; x_wconf 84' lang='lat' dir='ltr'>necessaria</span> <span class='ocrx_word' id='word_1_171' title='bbox 648 2516 840 2598; x_wconf 89' lang='lat' dir='ltr'>prouidetur,</span> <span class='ocrx_word' id='word_1_172' title='bbox 872 2516 910 2580; x_wconf 88' lang='lat' dir='ltr'>de</span> <span class='ocrx_word' id='word_1_173' title='bbox 941 2517 1054 2598; x_wconf 82' lang='lat' dir='ltr'>quibus</span> <span class='ocrx_word' id='word_1_174' title='bbox 1085 2515 1147 2599; x_wconf 91' lang='lat' dir='ltr'>ipsi</span> <span class='ocrx_word' id='word_1_175' title='bbox 1173 2515 1288 2580; x_wconf 90' lang='lat' dir='ltr'>aemuli</span> 
     </span>
     <span class='ocr_line' id='line_1_22' title="bbox 158 2610 1304 2708; baseline -0.003 -21"><span class='ocrx_word' id='word_1_176' title='bbox 158 2621 405 2708; x_wconf 77' lang='lat' dir='ltr'>conuincantur,</span> <span class='ocrx_word' id='word_1_177' title='bbox 440 2610 606 2687; x_wconf 88' lang='lat' dir='ltr'>instructio</span> <span class='ocrx_word' id='word_1_178' title='bbox 630 2640 693 2694; x_wconf 76' lang='lat' dir='ltr'>¹nec</span> <span class='ocrx_word' id='word_1_179' title='bbox 724 2622 804 2687; x_wconf 91' lang='lat' dir='ltr'>uitio</span> <span class='ocrx_word' id='word_1_180' title='bbox 837 2621 902 2686; x_wconf 87' lang='lat' dir='ltr'>dari</span> <span class='ocrx_word' id='word_1_181' title='bbox 932 2624 1039 2704; x_wconf 89' lang='lat' dir='ltr'>potest</span> <span class='ocrx_word' id='word_1_182' title='bbox 1068 2640 1172 2702; x_wconf 87' lang='lat' dir='ltr'>nosse,</span> <span class='ocrx_word' id='word_1_183' title='bbox 1205 2619 1304 2704; x_wconf 85' lang='lat' dir='ltr'>quod</span> 
     </span>
     <span class='ocr_line' id='line_1_23' title="bbox 158 2725 1288 2815; baseline 0.003 -25"><span class='ocrx_word' id='word_1_184' title='bbox 158 2725 284 2810; x_wconf 84' lang='lat' dir='ltr'>fugias,</span> <span class='ocrx_word' id='word_1_185' title='bbox 309 2728 402 2807; x_wconf 83' lang='lat' dir='ltr'>atque</span> <span class='ocrx_word' id='word_1_186' title='bbox 423 2726 493 2791; x_wconf 90' lang='lat' dir='ltr'>ideo</span> <span class='ocrx_word' id='word_1_187' title='bbox 516 2745 577 2791; x_wconf 93' lang='lat' dir='ltr'>non</span> <span class='ocrx_word' id='word_1_188' title='bbox 600 2728 740 2811; x_wconf 82' lang='lat' dir='ltr'>legentes</span> <span class='ocrx_word' id='word_1_189' title='bbox 761 2727 932 2815; x_wconf 82' lang='lat' dir='ltr'>incongrue</span> <span class='ocrx_word' id='word_1_190' title='bbox 957 2727 989 2791; x_wconf 92' lang='lat' dir='ltr'>in</span> <span class='ocrx_word' id='word_1_191' title='bbox 1012 2729 1137 2810; x_wconf 92' lang='lat' dir='ltr'>culpam</span> <span class='ocrx_word' id='word_1_192' title='bbox 1158 2727 1288 2794; x_wconf 89' lang='lat' dir='ltr'>ueniunt</span> 
     </span>
     <span class='ocr_line' id='line_1_24' title="bbox 162 2815 1381 2915; baseline 0.002 -19"><span class='ocrx_word' id='word_1_193' title='bbox 162 2831 224 2896; x_wconf 83' lang='lat' dir='ltr'>sed</span> <span class='ocrx_word' id='word_1_194' title='bbox 252 2832 428 2914; x_wconf 89' lang='lat' dir='ltr'>sequentes.</span> <span class='ocrx_word' id='word_1_195' title='bbox 456 2832 540 2913; x_wconf 89' lang='lat' dir='ltr'>quod</span> <span class='ocrx_word' id='word_1_196' title='bbox 567 2831 594 2896; x_wconf 91' lang='lat' dir='ltr'>si</span> <span class='ocrx_word' id='word_1_197' title='bbox 620 2832 666 2902; x_wconf 90' lang='lat' dir='ltr'>ita</span> <span class='ocrx_word' id='word_1_198' title='bbox 691 2851 752 2897; x_wconf 93' lang='lat' dir='ltr'>non</span> <span class='ocrx_word' id='word_1_199' title='bbox 780 2815 874 2910; x_wconf 83' lang='lat' dir='ltr'>esset,</span> <span class='ocrx_word' id='word_1_200' title='bbox 901 2851 1072 2915; x_wconf 89' lang='lat' dir='ltr'>numquam</span> <span class='ocrx_word' id='word_1_201' title='bbox 1099 2832 1208 2898; x_wconf 90' lang='lat' dir='ltr'>doctor</span> <span class='ocrx_word' id='word_1_202' title='bbox 1232 2832 1286 2898; x_wconf 93' lang='lat' dir='ltr'>ille</span> <span class='ocrx_word' id='word_1_203' title='bbox 1379 2864 1381 2866; x_wconf 95' lang='lat'>·</span> 
     </span>
     <span class='ocr_line' id='line_1_25' title="bbox 165 2925 1342 3022; baseline 0.003 -21"><span class='ocrx_word' id='word_1_204' title='bbox 165 2936 311 3019; x_wconf 79' lang='lat' dir='ltr'>gentium</span> <span class='ocrx_word' id='word_1_205' title='bbox 346 2931 561 3017; x_wconf 81' lang='lat' dir='ltr'>adquieuisset</span> <span class='ocrx_word' id='word_1_206' title='bbox 586 2937 725 3002; x_wconf 86' lang='lat' dir='ltr'>nuntiare</span> <span class='ocrx_word' id='word_1_207' title='bbox 757 2935 919 3003; x_wconf 87' lang='lat' dir='ltr'>fidelibus:</span> <span class='ocrx_word' id='word_1_208' title='bbox 951 2938 1079 3004; x_wconf 86' lang='lat' dir='ltr'>omnio</span> <span class='ocrx_word' id='word_1_209' title='bbox 1108 2931 1285 3022; x_wconf 86' lang='lat' dir='ltr'>probate,</span> <span class='ocrx_word' id='word_1_210' title='bbox 1340 2925 1342 2928; x_wconf 51' lang='grc'>’</span> 
     </span>
    </p>

    <p class='ocr_par' dir='ltr' id='par_1_6' title="bbox 107 3035 1337 3225">
     <span class='ocr_line' id='line_1_26' title="bbox 107 3035 1337 3123; baseline 0.003 -18"><span class='ocrx_word' id='word_1_211' title='bbox 107 3049 135 3089; x_wconf 67' lang='lat'>*⁵</span> <span class='ocrx_word' id='word_1_212' title='bbox 167 3035 273 3122; x_wconf 88' lang='lat' dir='ltr'>quod</span> <span class='ocrx_word' id='word_1_213' title='bbox 298 3041 441 3109; x_wconf 90' lang='lat' dir='ltr'>bonum</span> <span class='ocrx_word' id='word_1_214' title='bbox 468 3046 531 3108; x_wconf 87' lang='lat' dir='ltr'>est</span> <span class='ocrx_word' id='word_1_215' title='bbox 556 3046 701 3110; x_wconf 86' lang='lat' dir='ltr'>tenete.</span> <span class='ocrx_word' id='word_1_216' title='bbox 728 3062 789 3109; x_wconf 92' lang='lat' dir='ltr'>non</span> <span class='ocrx_word' id='word_1_217' title='bbox 812 3043 851 3108; x_wconf 94' lang='lat' dir='ltr'>ab</span> <span class='ocrx_word' id='word_1_218' title='bbox 872 3062 905 3109; x_wconf 89' lang='lat' dir='ltr'>re</span> <span class='ocrx_word' id='word_1_219' title='bbox 929 3045 978 3109; x_wconf 90' lang='lat' dir='ltr'>est</span> <span class='ocrx_word' id='word_1_220' title='bbox 1000 3043 1061 3108; x_wconf 86' lang='lat' dir='ltr'>etsi</span> <span class='ocrx_word' id='word_1_221' title='bbox 1083 3043 1285 3123; x_wconf 89' lang='lat' dir='ltr'>mundanum,</span> <span class='ocrx_word' id='word_1_222' title='bbox 1300 3045 1337 3109; x_wconf 85' lang='lat'>12</span> 
     </span>
     <span class='ocr_line' id='line_1_27' title="bbox 168 3139 1286 3225; baseline 0.003 -14"><span class='ocrx_word' id='word_1_223' title='bbox 168 3166 231 3212; x_wconf 87' lang='lat' dir='ltr'>uon</span> <span class='ocrx_word' id='word_1_224' title='bbox 256 3149 366 3213; x_wconf 76' lang='lat' dir='ltr'>&#39;tamen</span> <span class='ocrx_word' id='word_1_225' title='bbox 396 3166 415 3211; x_wconf 90' lang='lat' dir='ltr'>a</span> <span class='ocrx_word' id='word_1_226' title='bbox 444 3149 562 3214; x_wconf 85' lang='lat' dir='ltr'>ratione</span> <span class='ocrx_word' id='word_1_227' title='bbox 594 3148 763 3225; x_wconf 87' lang='lat' dir='ltr'>discretum</span> <span class='ocrx_word' id='word_1_228' title='bbox 798 3149 930 3215; x_wconf 84' lang='lat' dir='ltr'>miscere</span> <span class='ocrx_word' id='word_1_229' title='bbox 967 3139 1151 3216; x_wconf 84' lang='lat' dir='ltr'>sermonem.</span> <span class='ocrx_word' id='word_1_230' title='bbox 1186 3150 1286 3215; x_wconf 84' lang='lat' dir='ltr'>fertur</span> 
     </span>
    </p>
   </div>
   <div class='ocr_carea' id='block_1_3' title="bbox 178 3315 1064 3426">
    <p class='ocr_par' dir='ltr' id='par_1_7' title="bbox 178 3315 1064 3426">
     <span class='ocr_line' id='line_1_28' title="bbox 178 3315 1064 3426; baseline 0 -16"><span class='ocrx_word' id='word_1_231' title='bbox 178 3333 183 3388; x_wconf 78' lang='lat'>&#39;-</span> <span class='ocrx_word' id='word_1_232' title='bbox 257 3356 291 3410; x_wconf 70' lang='grc' dir='ltr'>ιε»</span> <span class='ocrx_word' id='word_1_233' title='bbox 308 3337 341 3411; x_wconf 72' lang='lat' dir='ltr'>ei.</span> <span class='ocrx_word' id='word_1_234' title='bbox 359 3315 418 3411; x_wconf 79' lang='lat' dir='ltr'>cor.</span> <span class='ocrx_word' id='word_1_235' title='bbox 436 3355 451 3410; x_wconf 96' lang='lat'>1</span> <span class='ocrx_word' id='word_1_236' title='bbox 468 3355 616 3426; x_wconf 66' lang='lat' dir='ltr'>ajo-12</span> <span class='ocrx_word' id='word_1_237' title='bbox 646 3397 648 3402; x_wconf 93' lang='lat'><em>.</em></span> <span class='ocrx_word' id='word_1_238' title='bbox 669 3357 704 3411; x_wconf 80' lang='lat'>24</span> <span class='ocrx_word' id='word_1_239' title='bbox 721 3339 840 3411; x_wconf 70' lang='lat' dir='ltr'>nnensu&#39;.</span> <span class='ocrx_word' id='word_1_240' title='bbox 858 3355 914 3422; x_wconf 84' lang='lat'>15,</span> <span class='ocrx_word' id='word_1_241' title='bbox 932 3356 965 3410; x_wconf 82' lang='lat'>21</span> <span class='ocrx_word' id='word_1_242' title='bbox 1062 3317 1064 3322; x_wconf 60' lang='grc'><strong>’</strong></span> 
     </span>
    </p>
   </div>
   <div class='ocr_carea' id='block_1_4' title="bbox 166 3467 1309 4255">
    <p class='ocr_par' dir='ltr' id='par_1_8' title="bbox 166 3467 1309 4255">
     <span class='ocr_line' id='line_1_29' title="bbox 205 3467 1286 3552; baseline 0.002 -20"><span class='ocrx_word' id='word_1_243' title='bbox 205 3477 341 3544; x_wconf 79' lang='lat' dir='ltr'>liereV</span> <span class='ocrx_word' id='word_1_244' title='bbox 378 3467 543 3540; x_wconf 72' lang='lat' dir='ltr'>decedimus</span> <span class='ocrx_word' id='word_1_245' title='bbox 562 3501 580 3552; x_wconf 86' lang='grc' dir='ltr'>μ</span> <span class='ocrx_word' id='word_1_246' title='bbox 598 3511 600 3515; x_wconf 55' lang='lat'>&lt;</span> <span class='ocrx_word' id='word_1_247' title='bbox 618 3483 636 3535; x_wconf 77' lang='lat'>4</span> <span class='ocrx_word' id='word_1_248' title='bbox 655 3480 732 3534; x_wconf 80' lang='lat' dir='ltr'>dilati</span> <span class='ocrx_word' id='word_1_249' title='bbox 754 3480 780 3534; x_wconf 87' lang='lat' dir='ltr'><strong><em>V</em></strong></span> <span class='ocrx_word' id='word_1_250' title='bbox 816 3481 879 3537; x_wconf 73' lang='lat' dir='ltr'>bin</span> <span class='ocrx_word' id='word_1_251' title='bbox 896 3497 946 3535; x_wconf 86' lang='lat' dir='ltr'>om.</span> <span class='ocrx_word' id='word_1_252' title='bbox 967 3480 1007 3552; x_wconf 73' lang='lat' dir='ltr'>dp</span> <span class='ocrx_word' id='word_1_253' title='bbox 1041 3480 1229 3550; x_wconf 83' lang='lat' dir='ltr'>ddeciperent</span> <span class='ocrx_word' id='word_1_254' title='bbox 1249 3480 1286 3534; x_wconf 81' lang='lat' dir='ltr'>V.-</span> 
     </span>
     <span class='ocr_line' id='line_1_30' title="bbox 171 3561 1286 3640; baseline -0.001 -21"><span class='ocrx_word' id='word_1_255' title='bbox 171 3566 272 3633; x_wconf 84' lang='lat' dir='ltr'>posoint</span> <span class='ocrx_word' id='word_1_256' title='bbox 285 3566 389 3637; x_wconf 78' lang='lat' dir='ltr'>aliquos</span> <span class='ocrx_word' id='word_1_257' title='bbox 403 3566 524 3636; x_wconf 84' lang='lat' dir='ltr'>decipere</span> <span class='ocrx_word' id='word_1_258' title='bbox 532 3567 583 3639; x_wconf 69' lang='lat' dir='ltr'>dpu</span> <span class='ocrx_word' id='word_1_259' title='bbox 592 3568 646 3622; x_wconf 79' lang='lat' dir='ltr'>buc</span> <span class='ocrx_word' id='word_1_260' title='bbox 653 3585 764 3640; x_wconf 75' lang='lat' dir='ltr'>uaqucp</span> <span class='ocrx_word' id='word_1_261' title='bbox 814 3569 854 3622; x_wconf 90' lang='lat' dir='ltr'>bii</span> <span class='ocrx_word' id='word_1_262' title='bbox 867 3567 905 3624; x_wconf 76' lang='lat' dir='ltr'>V:</span> <span class='ocrx_word' id='word_1_263' title='bbox 913 3569 1005 3623; x_wconf 81' lang='lat' dir='ltr'>bincb</span> <span class='ocrx_word' id='word_1_264' title='bbox 1036 3565 1037 3569; x_wconf 73' lang='grc'>’</span> <span class='ocrx_word' id='word_1_265' title='bbox 1057 3567 1123 3637; x_wconf 78' lang='lat' dir='ltr'>quoe</span> <span class='ocrx_word' id='word_1_266' title='bbox 1135 3567 1174 3622; x_wconf 85' lang='lat' dir='ltr'>V:</span> <span class='ocrx_word' id='word_1_267' title='bbox 1187 3561 1286 3637; x_wconf 77' lang='lat' dir='ltr'>quodb</span> 
     </span>
     <span class='ocr_line' id='line_1_31' title="bbox 166 3651 1309 3724; baseline 0.005 -17"><span class='ocrx_word' id='word_1_268' title='bbox 166 3651 188 3724; x_wconf 60' lang='lat' dir='ltr'>&lt;i</span> <span class='ocrx_word' id='word_1_269' title='bbox 204 3652 283 3708; x_wconf 81' lang='lat' dir='ltr'>dictio</span> <span class='ocrx_word' id='word_1_270' title='bbox 300 3654 390 3713; x_wconf 68' lang='lat' dir='ltr'>cond</span> <span class='ocrx_word' id='word_1_271' title='bbox 460 3655 495 3709; x_wconf 81' lang='lat' dir='ltr'>id</span> <span class='ocrx_word' id='word_1_272' title='bbox 510 3654 547 3710; x_wconf 87' lang='lat' dir='ltr'>V:</span> <span class='ocrx_word' id='word_1_273' title='bbox 564 3656 636 3710; x_wconf 75' lang='lat' dir='ltr'>ibo</span> <span class='ocrx_word' id='word_1_274' title='bbox 707 3657 724 3711; x_wconf 89' lang='lat'>8</span> <span class='ocrx_word' id='word_1_275' title='bbox 744 3657 902 3712; x_wconf 71' lang='lat' dir='ltr'>anctoritate</span> <span class='ocrx_word' id='word_1_276' title='bbox 925 3657 950 3710; x_wconf 89' lang='lat' dir='ltr'><strong><em>V</em></strong></span> <span class='ocrx_word' id='word_1_277' title='bbox 1015 3657 1048 3711; x_wconf 79' lang='lat'>12</span> <span class='ocrx_word' id='word_1_278' title='bbox 1067 3672 1114 3710; x_wconf 79' lang='lat' dir='ltr'>eeu</span> <span class='ocrx_word' id='word_1_279' title='bbox 1135 3656 1173 3710; x_wconf 79' lang='lat' dir='ltr'>V:</span> <span class='ocrx_word' id='word_1_280' title='bbox 1190 3655 1309 3713; x_wconf 71' lang='lat' dir='ltr'>siuet.</span> 
     </span>
     <span class='ocr_line' id='line_1_32' title="bbox 173 3739 1284 3815; baseline 0.004 -21"><span class='ocrx_word' id='word_1_281' title='bbox 173 3739 203 3794; x_wconf 80' lang='lat'>18</span> <span class='ocrx_word' id='word_1_282' title='bbox 216 3758 263 3812; x_wconf 88' lang='lat' dir='ltr'>pro</span> <span class='ocrx_word' id='word_1_283' title='bbox 280 3742 313 3796; x_wconf 74' lang='lat' dir='ltr'>d:</span> <span class='ocrx_word' id='word_1_284' title='bbox 332 3758 383 3797; x_wconf 88' lang='lat' dir='ltr'>om.</span> <span class='ocrx_word' id='word_1_285' title='bbox 405 3743 437 3798; x_wconf 79' lang='lat' dir='ltr'>V.</span> <span class='ocrx_word' id='word_1_286' title='bbox 513 3744 547 3797; x_wconf 81' lang='lat'>14</span> <span class='ocrx_word' id='word_1_287' title='bbox 565 3744 686 3798; x_wconf 87' lang='lat' dir='ltr'>oboletur</span> <span class='ocrx_word' id='word_1_288' title='bbox 706 3745 734 3799; x_wconf 90' lang='lat' dir='ltr'><strong><em>V</em></strong></span> <span class='ocrx_word' id='word_1_289' title='bbox 804 3746 851 3800; x_wconf 69' lang='lat'>,16</span> <span class='ocrx_word' id='word_1_290' title='bbox 870 3745 989 3815; x_wconf 83' lang='lat' dir='ltr'>quisquis</span> <span class='ocrx_word' id='word_1_291' title='bbox 1012 3744 1068 3798; x_wconf 74' lang='lat' dir='ltr'>Vb:</span> <span class='ocrx_word' id='word_1_292' title='bbox 1088 3744 1199 3813; x_wconf 85' lang='lat' dir='ltr'>quisquc</span> <span class='ocrx_word' id='word_1_293' title='bbox 1217 3759 1284 3814; x_wconf 83' lang='lat' dir='ltr'>qnae</span> 
     </span>
     <span class='ocr_line' id='line_1_33' title="bbox 175 3818 1285 3904; baseline 0.001 -21"><span class='ocrx_word' id='word_1_294' title='bbox 175 3827 248 3884; x_wconf 75' lang='lat' dir='ltr'>lttol</span> <span class='ocrx_word' id='word_1_295' title='bbox 345 3818 549 3899; x_wconf 80' lang='lat' dir='ltr'>superaedificet</span> <span class='ocrx_word' id='word_1_296' title='bbox 564 3833 585 3885; x_wconf 80' lang='lat' dir='ltr'>d</span> <span class='ocrx_word' id='word_1_297' title='bbox 603 3833 651 3902; x_wconf 79' lang='lat' dir='ltr'>(cs.</span> <span class='ocrx_word' id='word_1_298' title='bbox 674 3833 834 3904; x_wconf 75' lang='lat' dir='ltr'>Volpctam)</span> <span class='ocrx_word' id='word_1_299' title='bbox 949 3834 982 3888; x_wconf 81' lang='lat'>17</span> <span class='ocrx_word' id='word_1_300' title='bbox 1008 3834 1065 3887; x_wconf 86' lang='lat' dir='ltr'>erat</span> <span class='ocrx_word' id='word_1_301' title='bbox 1086 3832 1113 3886; x_wconf 92' lang='lat' dir='ltr'><strong><em>V</em></strong></span> <span class='ocrx_word' id='word_1_302' title='bbox 1197 3831 1221 3885; x_wconf 86' lang='lat' dir='ltr'>ie</span> <span class='ocrx_word' id='word_1_303' title='bbox 1239 3831 1285 3900; x_wconf 87' lang='lat' dir='ltr'>qni</span> 
     </span>
     <span class='ocr_line' id='line_1_34' title="bbox 171 3918 1285 3992; baseline 0.004 -24"><span class='ocrx_word' id='word_1_304' title='bbox 171 3932 186 3968; x_wconf 81' lang='lat' dir='ltr'>a</span> <span class='ocrx_word' id='word_1_305' title='bbox 211 3918 255 3972; x_wconf 80' lang='lat' dir='ltr'>uia</span> <span class='ocrx_word' id='word_1_306' title='bbox 285 3935 364 3988; x_wconf 88' lang='lat' dir='ltr'>qnam</span> <span class='ocrx_word' id='word_1_307' title='bbox 386 3919 420 3981; x_wconf 76' lang='lat' dir='ltr'>b:</span> <span class='ocrx_word' id='word_1_308' title='bbox 444 3935 472 3973; x_wconf 84' lang='lat' dir='ltr'>ee</span> <span class='ocrx_word' id='word_1_309' title='bbox 499 3936 516 3974; x_wconf 91' lang='lat' dir='ltr'>a</span> <span class='ocrx_word' id='word_1_310' title='bbox 541 3921 587 3975; x_wconf 85' lang='lat' dir='ltr'>uia</span> <span class='ocrx_word' id='word_1_311' title='bbox 609 3922 655 3992; x_wconf 88' lang='lat' dir='ltr'>qui</span> <span class='ocrx_word' id='word_1_312' title='bbox 682 3937 760 3991; x_wconf 87' lang='lat' dir='ltr'>quam</span> <span class='ocrx_word' id='word_1_313' title='bbox 791 3921 823 3985; x_wconf 89' lang='lat' dir='ltr'>V,</span> <span class='ocrx_word' id='word_1_314' title='bbox 851 3939 868 3977; x_wconf 86' lang='lat' dir='ltr'>a</span> <span class='ocrx_word' id='word_1_315' title='bbox 893 3922 939 3976; x_wconf 88' lang='lat' dir='ltr'>nia</span> <span class='ocrx_word' id='word_1_316' title='bbox 966 3921 1012 3991; x_wconf 86' lang='lat' dir='ltr'>qui</span> <span class='ocrx_word' id='word_1_317' title='bbox 1039 3920 1072 3974; x_wconf 86' lang='lat' dir='ltr'>ab</span> <span class='ocrx_word' id='word_1_318' title='bbox 1100 3936 1131 3974; x_wconf 90' lang='lat' dir='ltr'>eo</span> <span class='ocrx_word' id='word_1_319' title='bbox 1159 3919 1231 3989; x_wconf 91' lang='lat' dir='ltr'>quod</span> <span class='ocrx_word' id='word_1_320' title='bbox 1258 3918 1285 3972; x_wconf 79' lang='lat'>0²</span> 
     </span>
     <span class='ocr_line' id='line_1_35' title="bbox 168 4001 1283 4080; baseline 0.003 -24"><span class='ocrx_word' id='word_1_321' title='bbox 168 4001 202 4058; x_wconf 76' lang='lat'>¹20</span> <span class='ocrx_word' id='word_1_322' title='bbox 220 4022 250 4061; x_wconf 87' lang='lat' dir='ltr'>cx</span> <span class='ocrx_word' id='word_1_323' title='bbox 272 4007 330 4061; x_wconf 72' lang='lat' dir='ltr'>Vb:</span> <span class='ocrx_word' id='word_1_324' title='bbox 349 4007 382 4060; x_wconf 90' lang='lat' dir='ltr'>de</span> <span class='ocrx_word' id='word_1_325' title='bbox 403 4007 466 4061; x_wconf 83' lang='lat' dir='ltr'>Gor.</span> <span class='ocrx_word' id='word_1_326' title='bbox 536 4009 609 4062; x_wconf 75' lang='lat' dir='ltr'>iisb</span> <span class='ocrx_word' id='word_1_327' title='bbox 677 4010 872 4080; x_wconf 89' lang='lat' dir='ltr'>prouidentur.</span> <span class='ocrx_word' id='word_1_328' title='bbox 888 4051 895 4065; x_wconf 90' lang='lat'><strong>.</strong></span> <span class='ocrx_word' id='word_1_329' title='bbox 909 4007 1115 4064; x_wconf 75' lang='lat' dir='ltr'>instructionid</span> <span class='ocrx_word' id='word_1_330' title='bbox 1185 4007 1219 4060; x_wconf 79' lang='lat'>24</span> <span class='ocrx_word' id='word_1_331' title='bbox 1237 4006 1283 4066; x_wconf 70' lang='lat' dir='ltr'>ad-‚</span> 
     </span>
     <span class='ocr_line' id='line_1_36' title="bbox 171 4085 1283 4169; baseline 0.003 -24"><span class='ocrx_word' id='word_1_332' title='bbox 171 4095 291 4148; x_wconf 88' lang='lat' dir='ltr'>nunciare</span> <span class='ocrx_word' id='word_1_333' title='bbox 308 4093 338 4144; x_wconf 76' lang='grc' dir='ltr'>θ·</span> <span class='ocrx_word' id='word_1_334' title='bbox 383 4095 471 4148; x_wconf 89' lang='lat' dir='ltr'>omnia</span> <span class='ocrx_word' id='word_1_335' title='bbox 483 4096 602 4151; x_wconf 59' lang='lat' dir='ltr'>(autem)</span> <span class='ocrx_word' id='word_1_336' title='bbox 616 4115 633 4148; x_wconf 90' lang='grc' dir='ltr'>α</span> <span class='ocrx_word' id='word_1_337' title='bbox 650 4114 710 4157; x_wconf 81' lang='lat' dir='ltr'>cum</span> <span class='ocrx_word' id='word_1_338' title='bbox 732 4098 853 4168; x_wconf 71' lang='lat' dir='ltr'>Vulpctc</span> <span class='ocrx_word' id='word_1_339' title='bbox 892 4099 926 4153; x_wconf 81' lang='lat'>25</span> <span class='ocrx_word' id='word_1_340' title='bbox 945 4096 992 4169; x_wconf 79' lang='lat' dir='ltr'>ebe</span> <span class='ocrx_word' id='word_1_341' title='bbox 1010 4085 1142 4165; x_wconf 71' lang='lat' dir='ltr'>editrep.</span> <span class='ocrx_word' id='word_1_342' title='bbox 1177 4095 1219 4149; x_wconf 74' lang='lat'>26&#39;</span> <span class='ocrx_word' id='word_1_343' title='bbox 1229 4110 1283 4164; x_wconf 72' lang='lat' dir='ltr'>sqq,</span> 
     </span>
     <span class='ocr_line' id='line_1_37' title="bbox 170 4173 965 4255; baseline 0.013 -23"><span class='ocrx_word' id='word_1_344' title='bbox 170 4173 461 4252; x_wconf 63' lang='lat' dir='ltr'>fcrturssproposniese</span> <span class='ocrx_word' id='word_1_345' title='bbox 479 4183 512 4237; x_wconf 74' lang='lat' dir='ltr'>d:</span> <span class='ocrx_word' id='word_1_346' title='bbox 530 4185 598 4241; x_wconf 82' lang='lat' dir='ltr'>fert.</span> <span class='ocrx_word' id='word_1_347' title='bbox 610 4186 756 4255; x_wconf 79' lang='lat' dir='ltr'>‚profuisse</span> <span class='ocrx_word' id='word_1_348' title='bbox 779 4186 805 4240; x_wconf 89' lang='lat' dir='ltr'><strong><em>V</em></strong></span> <span class='ocrx_word' id='word_1_349' title='bbox 829 4190 832 4195; x_wconf 89' lang='grc'><strong><em>’</em></strong></span> <span class='ocrx_word' id='word_1_350' title='bbox 961 4243 965 4250; x_wconf 70' lang='grc'><strong>,</strong></span> 
     </span>
    </p>
   </div>
   <div class='ocr_carea' id='block_1_5' title="bbox 0 0 1469 4628">
    <p class='ocr_par' dir='ltr' id='par_1_9' title="bbox 0 0 1469 4628">
     <span class='ocr_line' id='line_1_38' title="bbox 0 0 1469 4628; baseline 0 0"><span class='ocrx_word' id='word_1_351' title='bbox 0 0 1469 4628; x_wconf 95' lang='lat' dir='ltr'> </span> 
     </span>
    </p>
   </div>
  </div>
 </body>
</html>
