2864 4620
482 326 568 398 Epist.
588 326 707 382 cxxxx
725 329 802 386 ι-ο.
1135 336 1198 400 577

73 528 191 602 πρῶτος
214 517 256 591 εἰς
277 520 326 581 τόν
349 520 474 602 σταορύν
497 514 514 581 6
535 521 637 603 κύριος
658 514 744 604 ἡμῶν
765 521 889 606 καὶτῆς
920 514 1071 606 ὑπομονῆς
1094 518 1199 587 ἑαοτού

74 615 269 701 διδάσκαλος,
283 619 414 707 ἀνῆλθεν
447 619 477 686 ἐν
503 632 543 707 τῖρ
570 621 635 706 ἰδίῳ
664 632 761 687 τοπῶν
783 617 971 709 ὑποδείγματι
992 622 1132 703 ἀμείνους,
1154 623 1199 698 οἷς

73 723 184 810 ἔμελλε
212 728 343 811 βοηθεῖν.
374 720 463 797 αύτύς
493 725 600 810 μεταξύ
629 736 686 789 τῶν
715 723 825 810 ἀρετῶν
854 729 906 791 καί
932 737 989 792 τῶν
1017 731 1117 792 κόπων
1149 732 1198 794 τόν

72 832 159 910 ίογόν
188 834 308 915 κατέχει
333 826 488 915 ἱστάμενος
515 832 592 894 κατὰ
618 841 675 894 τῶν
710 831 893 916 δηλητηρίων
925 841 982 895 τῶν
1009 839 1197 918 μεμηνότων,

40 932 120 998 ῡῖνα
140 931 218 997 κατὰ
238 935 290 1019 την
314 932 402 1019 ἀργὴν
424 941 473 997 τού
495 935 624 1018 διωγμού
647 931 737 1006 αὐτὸς
758 938 817 999 καί
830 943 884 1021 της
902 934 1024 1004 Ιαἰωνίοο
1047 938 1199 1021 βασιλείας

70 1038 141 1110 τούς
163 1041 327 1125 στεφάνοος
349 1035 504 1124 παράσχη.
571 1035 801 1119 ἀναλογίσασθε,
814 1044 899 1123 ποίῳ
919 1049 978 1105 ,τῶν
993 1037 1199 1124 Μακκαβαίων
1223 1044 1241 1108 7

70 1154 134 1214 ταῖς
166 1141 279 1214 ἐξόδοις
308 1153 372 1217 ταῖς
398 1147 582 1226 καρτερικαῖς
602 1163 622 1228 η
645 1141 759 1206 παλαιὰ
788 1138 907 1227 ἱστορία4
922 1140 1197 1230 ἐπαίνιρίφέπεται,

70 1249 142 1328 ποίη
164 1244 282 1319 Ἰούδας
302 1245 423 1331 κάκείνη
447 1256 504 1310 τῶν
526 1254 639 1309 πιστῶν
656 1241 792 1331 ἀδελφῶν
807 1239 960 1331 ἡ-φσίλαγξ
973 1239 1107 1311 θανάτου
1128 1258 1197 1333 τιμη

71 1347 288 1433 ἀναγορεύεται,
310 1348 339 1413 ὲν
366 1356 461 1423 ποίοις
489 1348 550 1412 ἐστὶ
576 1351 716 1432 στόμασιν
739 1344 755 1411 6
777 1349 852 1421 λαός
875 1344 891 1412 ό
915 1347 944 1412 ἐν
965 1360 1006 1433 τῖρ
1036 1345 1097 1433 ὄρει
1123 1347 1198 1415 ἀνα-

25 1473 52 1531 ρο
69 1452 190 1525 λωθείς.
213 1457 264 1517 καὶ
286 1449 372 1517 αόται
393 1463 487 1517 πᾶσαι
501 1450 532 1516 αἰ
547 1447 682 1538 δονάμεις
705 1447 776 1534 ύπὲρ
797 1461 851 1536 τῆς
872 1448 924 1517 τού
945 1456 1038 1539 νύμοιι
1060 1454 1198 1540 φολακης

69 1551 245 1642 ὁμοιώματα
273 1561 325 1622 καί
354 1561 433 1621 σκιαί
461 1568 518 1621 τῶν
548 1556 714 1642 μελλόντων
738 1552 825 1620 οὖσαι
844 1550 1017 1642 ἠξιώθησαν
1042 1558 1198 1642 παραδειγ-

70 1665 169 1747 μάτων
198 1663 357 1726 τοσούτων·
386 1656 471 1747 ἡμεῖς
493 1658 523 1724 έν
546 1672 607 1732 τοῖς
629 1665 769 1745 πατράσιν
792 1657 975 1745 ἑωράκαμεν,
998 1647 1197 1749 έψηίἰαφησα-

69 1787 132 1851 μεν,
170 1764 399 1853 ἐδοκιμάσαμεν,
435 1770 487 1830 τίνι
523 1763 783 1851 ἀκολουθησορεν,
823 1768 849 1827 τί
878 1760 934 1828 ούκ
970 1763 1129 1852 ἐφαρμόζει
1160 1776 1196 1850 τη

68 1863 224 1949 ὑποθέσεις
248 1874 274 1933 τί
296 1868 402 1954 ἀπύρδει
422 1878 476 1955 τῆς
499 1867 662 1955 ἀληθείας;
685 1872 711 1930 τί
732 1863 789 1932 ούκ
809 1864 957 1954 ὀφείλεται
977 1875 1017 1952 τῷ
1045 1868 1195 1955 λοτρωτη;

23 1994 49 2035 ιο
66 1976 261 2059 καταθορίως
290 1983 487 2058 κοινωνοῦμεν
515 1971 545 2035 έν
567 1973 680 2042 τούτοις
711 1965 775 2055 ύμῖν
798 1981 858 2042 τοῖς
884 1970 1018 2054 δόγμασι·
1041 1970 1120 2052 λέγει
1140 1976 1196 2056 γάρ
1220 1980 1240 2044 8

67 2099 126 2145 ποο
149 2073 165 2139 6
189 2080 361 2164 σοφώτατος
383 2074 537 2162 Σολομῶν·
562 2079 783 2162 ,μακάριος
814 2076 830 2138 6
857 2075 1054 2159 κηρύττων
1083 2075 1197 2156 λόγον

67 2178 123 2252 εἰς
154 2177 272 2266 ἀκοὴν
308 2176 618 2252 ύπακούοντοςίί.
651 2176 816 2264 εύφροσύνη
847 2181 899 2265 μὲν
922 2173 973 2241 οὖν
996 2176 1057 2242 ἔστι
1076 2182 1109 2243 τό
1132 2180 1196 2244 δια·

66 2285 210 2365 λέγεσθαι
235 2295 298 2358 τοῖς
327 2282 467 2358 έθὲλοοοι
494 2288 548 2349 ’καί
576 2287 651 2369 πρὸς
680 2283 731 2369 την
754 2281 849 2368 όρθην
872 2279 941 2346 ὁδόν
962 2283 1032 2354 τούς
1055 2283 1094 2368 μὴ
1118 2282 1196 2349 ἀντι-

66 2388 249 2459 παλαίοντας
277 2391 506 2473 προτρέπεσθαι.
535 2391 701 2474 κατέχομεν
730 2390 786 2471 γὰρ
820 2384 958 2472 ἐνέχυρον
988 2396 1041 2473 της
1071 2390 1195 2460 πίστεως

21 2511 53 2581 πο
67 2500 122 2577 της
143 2485 287 2577 ύμετέρας
307 2492 360 2576 την
383 2489 441 2555 ἀπδ
463 2501 520 2555 τῶν
542 2495 723 2576 γραμμάτων
739 2487 977 2575 ὁμολογηθεῖσαν
1000 2488 1141 2569 ἔνστασιν,
1156 2491 1194 2554 δι’

66 2591 105 2681 ἧς
128 2593 162 2658 ἰκ
182 2604 236 2681 της
257 2605 314 2659 τῶν
335 2598 513 2679 παραβατῶν
535 2595 633 2680 λύμης
655 2597 852 2680 χωρισθέντες
876 2591 917 2664 εἰς
937 2596 974 2656 τόι
994 2602 1048 2679 της
1070 2593 1195 2659 ἀποστο-

67 2699 152 2784 λικης
180 2699 334 2783 καθέδρας
363 2700 496 2782 δόγματα
525 2701 576 2762 καὶ
606 2697 727 2770 ἐντολάς
755 2697 968 2783 έπανέρχεσθε,
992 2695 1047 2782 ἀψὲ
1070 2702 1121 2785 μὲν
1144 2694 1195 2763 οὖν

68 2803 218 2887 ἐπιβάντες
240 2810 294 2889 της
315 2799 388 2866 όδού
409 2812 462 2888 της
485 2801 641 2888 ἀληθείας.
665 2801 732 2866 ἀλλ’
760 2796 918 2887 εύλογητός
941 2798 957 2864 6
979 2805 1061 2876 θεός,
1085 2802 1118 2875 δς
1141 2798 1198 2867 οόκ

67 2905 111 2978 εἰς
133 2906 218 2976 τέλος
241 2904 474 2980 ἐπιλανθάνεται,
499 2906 532 2979 δς
554 2907 684 2970 παιδεύει
704 2909 755 2969 καί
775 2903 853 2968 ἰᾶται
873 2908 924 2968 καὶ
949 2903 1019 2969 ούδέ
1040 2915 1093 2992 τῆς
1114 2902 1195 2992 ἡνω-

21 3033 49 3074 εο
70 3015 161 3096 μένης
194 3006 283 3073 αύτού
316 3013 443 3094 ποίμνης
472 3012 508 3072 τά
536 3011 672 3093 πρόβατα
700 3020 835 3093 καρτερεῖ
863 3012 916 3072 τῶν
950 3007 1195 3095 έπιβοολεούντων

66 3116 166 3179 λύκων
197 3125 233 3199 τη
262 3111 382 3199 ἀρπαγη
409 3113 603 3192 διασπᾶσθαι,
627 3111 661 3184 ὃς
684 3109 732 3176 διά
753 3125 806 3199 τηῖς
828 3117 1013 3199 κεκραμένης
1035 3110 1195 3198 αύστηρίας

15 3241 17 3245 ’
67 3215 138 3282 ούδέ
159 3227 212 3304 της
235 3214 400 3303 ἀσφαλείας
420 3227 478 3280 τῶν
499 3215 579 3279 ἰδίων
602 3211 733 3302 ύπερορύγ
754 3212 823 3279 οὐδὲ
845 3226 898 3302 της
914 3221 1071 3302 σωτηρίας.
1116 3215 1195 3281 ἀλλά
1218 3216 1237 3280 9

103 3388 244 3452 2ἰιιείνοις
262 3389 357 3458 a'eogh,
376 3404 444 3443 corr.
467 3389 546 3442 Tln'el
597 3385 762 3460 δῆμελλτα
832 3390 944 3443 καὶτῶν
962 3390 1050 3445 om.h
1098 3392 1194 3443 4κατ·

68 3480 137 3552 έχειν
156 3478 192 3548 gh
293 3480 309 3533 6
328 3475 389 3530 ποία
407 3475 460 3544 (οἵα
478 3477 541 3547 agh)
559 3485 611 3531 τῶν
628 3474 842 3550 Μακκαβαύωνὴ
861 3474 950 3540 ἔξοδος
967 3484 1021 3541 τοῖς
1038 3484 1195 3548 καρτερικοῖς

66 3564 174 3638 ἡπαλη
198 3563 295 3636 ἱστορία
317 3572 368 3617 τῶν
391 3563 501 3617 ἐπαίνων
525 3566 620 3634 aeogh,
639 3566 744 3619 comiti
764 3570 871 3619 secutus
891 3565 1027 3620 Phidiam
1046 3563 1121 3634 (ποίιμ
1139 3570 1195 3626 ταῖς

68 3660 120 3708 τῶν
138 3652 173 3706 Μ.
193 3651 290 3715 ἰξὸδοις
307 3658 467 3723 καρτερικαῖς
484 3653 502 3726 ἡ
521 3650 619 3704 παλαιά
637 3650 684 3708 ἰστ.
701 3654 738 3726 τῷ
757 3650 862 3724 ἐπαίνῳ)
929 3652 946 3706 8
964 3659 1059 3705 πιστῶν
1077 3667 1126 3706 om.
1147 3667 1194 3704 neo

31 3768 34 3773 ¹
68 3751 129 3815 τιμῆ
148 3759 193 3796 eo:
212 3741 272 3813 τιμὴ
291 3741 345 3810 agh
389 3740 478 3796 9έστί
495 3757 573 3810 aeog:
594 3738 670 3794 ίτίίι
716 3742 746 3796 11
767 3736 841 3798 ούσαι
859 3757 921 3795 xeo:
941 3735 1005 3796 εἰναι
1022 3739 1060 3810 gh
1112 3756 1193 3811 παρα-

69 3829 210 3902 δειγμάτων
230 3846 273 3883 eo:
292 3827 452 3900 παράδειγμα
469 3827 525 3882 τῶνΙ
538 3829 591 3898 agh
654 3831 688 3884 13
706 3827 754 3882 τίνι
771 3816 836 3900 agh:
856 3827 883 3880 ἰν
901 3827 949 3883 τίνι
967 3846 997 3883 eo
1056 3829 1091 3881 14
1107 3826 1132 3880 τί
1148 3823 1195 3878 ούιι

70 3935 131 3974 aeo:
152 3916 174 3969 εἰ
192 3915 238 3969 οὐκ
256 3918 293 3987 gh
346 3914 462 3991 λοτρωτῖγ
482 3933 526 3970 eo:
546 3914 629 3988 λύτρω
647 3915 740 3987 dungh
787 3919 819 3973 16
837 3915 973 3989 κηρύσσων
989 3933 1019 3970 eo
1064 3915 1099 3970 22
1118 3912 1212 3970 έπαν·.

53 3998 232 4078 έρχεσθαιρ
284 4006 318 4058 24
337 4004 503 4076 ένωμένηςω
